<?xml version="1.0" encoding="UTF-8"?>
<!DOCTYPE html PUBLIC "-//W3C//DTD XHTML 1.0 Transitional//EN"
    "http://www.w3.org/TR/xhtml1/DTD/xhtml1-transitional.dtd">
<html xmlns="http://www.w3.org/1999/xhtml" xml:lang="en" lang="en">
 <head>
  <title>
</title>
<meta http-equiv="Content-Type" content="text/html;charset=utf-8" />
  <meta name='ocr-system' content='tesseract 3.04.00' />
  <meta name='ocr-capabilities' content='ocr_page ocr_carea ocr_par ocr_line ocrx_word'/>
</head>
<body>
  <div class='ocr_page' id='page_1' title='image "./f1operaquaesuper01seneuoft_0137.png"; bbox 0 0 2034 3086; ppageno 0'>
   <div class='ocr_carea' id='block_1_1' title="bbox 75 472 95 504">
    <p class='ocr_par' dir='ltr' id='par_1_1' title="bbox 75 472 95 504">
     <span class='ocr_line' id='line_1_1' title="bbox 75 472 95 504; baseline 0 0"><span class='ocrx_word' id='word_1_1' title='bbox 75 472 95 504; x_wconf 76' lang='lat'><strong>5</strong></span> 
     </span>
    </p>
   </div>
   <div class='ocr_carea' id='block_1_2' title="bbox 50 847 94 879">
    <p class='ocr_par' dir='ltr' id='par_1_2' title="bbox 50 847 94 879">
     <span class='ocr_line' id='line_1_2' title="bbox 50 847 94 879; baseline 0 0"><span class='ocrx_word' id='word_1_2' title='bbox 50 847 94 879; x_wconf 79' lang='lat'><strong>10</strong></span> 
     </span>
    </p>
   </div>
   <div class='ocr_carea' id='block_1_3' title="bbox 50 1223 91 1254">
    <p class='ocr_par' dir='ltr' id='par_1_3' title="bbox 50 1223 91 1254">
     <span class='ocr_line' id='line_1_3' title="bbox 50 1223 91 1254; baseline 0 0"><span class='ocrx_word' id='word_1_3' title='bbox 50 1223 91 1254; x_wconf 79' lang='lat'><strong>15</strong></span> 
     </span>
    </p>
   </div>
   <div class='ocr_carea' id='block_1_4' title="bbox 46 1971 90 2005">
    <p class='ocr_par' dir='ltr' id='par_1_4' title="bbox 46 1971 90 2005">
     <span class='ocr_line' id='line_1_4' title="bbox 46 1971 90 2005; baseline 0 0"><span class='ocrx_word' id='word_1_4' title='bbox 46 1971 90 2005; x_wconf 74' lang='lat'><strong>25</strong></span> 
     </span>
    </p>
   </div>
   <div class='ocr_carea' id='block_1_5' title="bbox 592 30 1832 91">
    <p class='ocr_par' dir='ltr' id='par_1_5' title="bbox 592 30 1832 91">
     <span class='ocr_line' id='line_1_5' title="bbox 592 30 1832 91; baseline 0.007 -15"><span class='ocrx_word' id='word_1_5' title='bbox 592 30 674 76; x_wconf 86' lang='lat' dir='ltr'><strong>DE</strong></span> <span class='ocrx_word' id='word_1_6' title='bbox 705 30 812 76; x_wconf 81' lang='lat' dir='ltr'><strong>IRA</strong></span> <span class='ocrx_word' id='word_1_7' title='bbox 843 31 954 77; x_wconf 90' lang='lat' dir='ltr'><strong>LIB.</strong></span> <span class='ocrx_word' id='word_1_8' title='bbox 980 30 1058 76; x_wconf 93' lang='lat'>111.</span> <span class='ocrx_word' id='word_1_9' title='bbox 1115 30 1243 77; x_wconf 85' lang='lat' dir='ltr'><strong><em>CAP.</em></strong></span> <span class='ocrx_word' id='word_1_10' title='bbox 1269 36 1312 79; x_wconf 81' lang='lat'><strong>4.</strong></span> <span class='ocrx_word' id='word_1_11' title='bbox 1337 36 1365 78; x_wconf 85' lang='lat'>5</span> <span class='ocrx_word' id='word_1_12' title='bbox 1726 36 1832 91; x_wconf 87' lang='lat'><strong>113</strong></span> 
     </span>
    </p>
   </div>
   <div class='ocr_carea' id='block_1_6' title="bbox 120 153 1890 2474">
    <p class='ocr_par' dir='ltr' id='par_1_6' title="bbox 126 153 1831 284">
     <span class='ocr_line' id='line_1_6' title="bbox 130 153 1831 226; baseline 0 -17"><span class='ocrx_word' id='word_1_13' title='bbox 130 153 459 211; x_wconf 73' lang='lat' dir='ltr'><strong>iracundiam</strong></span> <span class='ocrx_word' id='word_1_14' title='bbox 498 153 679 207; x_wconf 87' lang='lat' dir='ltr'><strong>dicant</strong></span> <span class='ocrx_word' id='word_1_15' title='bbox 717 157 772 208; x_wconf 86' lang='lat' dir='ltr'><strong>et</strong></span> <span class='ocrx_word' id='word_1_16' title='bbox 809 155 974 226; x_wconf 83' lang='lat' dir='ltr'><strong>vulgo</strong></span> <span class='ocrx_word' id='word_1_17' title='bbox 1006 153 1253 208; x_wconf 87' lang='lat' dir='ltr'><strong>credatur</strong></span> <span class='ocrx_word' id='word_1_18' title='bbox 1282 153 1573 209; x_wconf 88' lang='lat' dir='ltr'><strong>facillimus</strong></span> <span class='ocrx_word' id='word_1_19' title='bbox 1606 154 1831 226; x_wconf 85' lang='lat' dir='ltr'><strong>quisque</strong></span> 
     </span>
     <span class='ocr_line' id='line_1_7' title="bbox 126 228 576 284; baseline -0.007 0"><span class='ocrx_word' id='word_1_20' title='bbox 126 229 255 284; x_wconf 85' lang='lat' dir='ltr'><strong>huie</strong></span> <span class='ocrx_word' id='word_1_21' title='bbox 296 228 576 283; x_wconf 85' lang='lat' dir='ltr'><strong>obnoxius.</strong></span> 
     </span>
    </p>

    <p class='ocr_par' dir='ltr' id='par_1_7' title="bbox 122 302 1890 1332">
     <span class='ocr_line' id='line_1_8' title="bbox 276 302 1888 374; baseline 0.002 -16"><span class='ocrx_word' id='word_1_22' title='bbox 276 302 343 358; x_wconf 85' lang='lat' dir='ltr'><strong>V.</strong></span> <span class='ocrx_word' id='word_1_23' title='bbox 405 302 700 368; x_wconf 80' lang='lat' dir='ltr'><strong>‘Quorsus&#39;</strong></span> <span class='ocrx_word' id='word_1_24' title='bbox 738 303 918 374; x_wconf 82' lang='lat' dir='ltr'>inquis</span> <span class='ocrx_word' id='word_1_25' title='bbox 960 303 1090 358; x_wconf 74' lang='lat' dir='ltr'><strong>‘hoc</strong></span> <span class='ocrx_word' id='word_1_26' title='bbox 1127 303 1424 374; x_wconf 78' lang='lat' dir='ltr'><strong>pertinet?&#39;</strong></span> <span class='ocrx_word' id='word_1_27' title='bbox 1492 307 1554 358; x_wconf 88' lang='lat' dir='ltr'><strong>ut</strong></span> <span class='ocrx_word' id='word_1_28' title='bbox 1582 323 1743 358; x_wconf 93' lang='lat' dir='ltr'><strong>nemo</strong></span> <span class='ocrx_word' id='word_1_29' title='bbox 1776 324 1832 359; x_wconf 92' lang='lat' dir='ltr'><strong>se</strong></span> <span class='ocrx_word' id='word_1_30' title='bbox 1865 320 1888 361; x_wconf 86' lang='lat'>1</span> 
     </span>
     <span class='ocr_line' id='line_1_9' title="bbox 126 378 1834 448; baseline 0.001 -16"><span class='ocrx_word' id='word_1_31' title='bbox 126 378 327 433; x_wconf 83' lang='lat' dir='ltr'><strong>iudicet</strong></span> <span class='ocrx_word' id='word_1_32' title='bbox 376 381 557 433; x_wconf 81' lang='lat' dir='ltr'><strong>tutum</strong></span> <span class='ocrx_word' id='word_1_33' title='bbox 610 379 677 432; x_wconf 89' lang='lat' dir='ltr'><strong>ab</strong></span> <span class='ocrx_word' id='word_1_34' title='bbox 731 378 849 447; x_wconf 91' lang='lat' dir='ltr'><strong>illa,</strong></span> <span class='ocrx_word' id='word_1_35' title='bbox 898 397 1022 433; x_wconf 85' lang='lat' dir='ltr'><strong>eum</strong></span> <span class='ocrx_word' id='word_1_36' title='bbox 1070 378 1218 432; x_wconf 89' lang='lat' dir='ltr'><strong>lenes</strong></span> <span class='ocrx_word' id='word_1_37' title='bbox 1272 396 1487 448; x_wconf 88' lang='lat' dir='ltr'><strong>quoque</strong></span> <span class='ocrx_word' id='word_1_38' title='bbox 1535 382 1730 435; x_wconf 82' lang='lat' dir='ltr'><strong>natura</strong></span> <span class='ocrx_word' id='word_1_39' title='bbox 1779 383 1834 433; x_wconf 90' lang='lat' dir='ltr'><strong>et</strong></span> 
     </span>
     <span class='ocr_line' id='line_1_10' title="bbox 125 453 1833 524; baseline 0 -16"><span class='ocrx_word' id='word_1_40' title='bbox 125 453 366 524; x_wconf 86' lang='lat' dir='ltr'><strong>placidos</strong></span> <span class='ocrx_word' id='word_1_41' title='bbox 414 454 474 507; x_wconf 91' lang='lat' dir='ltr'><strong>in</strong></span> <span class='ocrx_word' id='word_1_42' title='bbox 519 453 797 507; x_wconf 82' lang='lat' dir='ltr'><strong>saevitiam</strong></span> <span class='ocrx_word' id='word_1_43' title='bbox 843 471 906 507; x_wconf 86' lang='lat' dir='ltr'><strong>ae</strong></span> <span class='ocrx_word' id='word_1_44' title='bbox 951 453 1264 508; x_wconf 83' lang='lat' dir='ltr'><strong>violentiam</strong></span> <span class='ocrx_word' id='word_1_45' title='bbox 1304 456 1503 507; x_wconf 83' lang='lat' dir='ltr'><strong>evocet.</strong></span> <span class='ocrx_word' id='word_1_46' title='bbox 1583 453 1833 524; x_wconf 86' lang='lat' dir='ltr'><strong>quemad-</strong></span> 
     </span>
     <span class='ocr_line' id='line_1_11' title="bbox 126 527 1832 599; baseline 0.001 -17"><span class='ocrx_word' id='word_1_47' title='bbox 126 528 346 583; x_wconf 87' lang='lat' dir='ltr'><strong>modum</strong></span> <span class='ocrx_word' id='word_1_48' title='bbox 400 528 655 582; x_wconf 81' lang='lat' dir='ltr'><strong>adversus</strong></span> <span class='ocrx_word' id='word_1_49' title='bbox 709 527 1070 596; x_wconf 73' lang='lat' dir='ltr'><strong>pestilentiam</strong></span> <span class='ocrx_word' id='word_1_50' title='bbox 1122 527 1262 582; x_wconf 84' lang='lat' dir='ltr'><strong>nihil</strong></span> <span class='ocrx_word' id='word_1_51' title='bbox 1321 528 1543 599; x_wconf 91' lang='lat' dir='ltr'><strong>prodest</strong></span> <span class='ocrx_word' id='word_1_52' title='bbox 1603 529 1832 584; x_wconf 87' lang='lat' dir='ltr'><strong>firmitas</strong></span> 
     </span>
     <span class='ocr_line' id='line_1_12' title="bbox 126 601 1832 674; baseline 0.001 -17"><span class='ocrx_word' id='word_1_53' title='bbox 126 603 365 674; x_wconf 87' lang='lat' dir='ltr'><strong>corporis</strong></span> <span class='ocrx_word' id='word_1_54' title='bbox 398 606 452 656; x_wconf 87' lang='lat' dir='ltr'><strong>et</strong></span> <span class='ocrx_word' id='word_1_55' title='bbox 482 601 711 673; x_wconf 84' lang='lat' dir='ltr'><strong>diligens</strong></span> <span class='ocrx_word' id='word_1_56' title='bbox 742 602 1064 656; x_wconf 84' lang='lat' dir='ltr'><strong>valetudinis</strong></span> <span class='ocrx_word' id='word_1_57' title='bbox 1096 621 1224 657; x_wconf 85' lang='lat' dir='ltr'><strong>cura</strong></span> <span class='ocrx_word' id='word_1_58' title='bbox 1245 634 1320 642; x_wconf 91' lang='lat'><strong>-—</strong></span> <span class='ocrx_word' id='word_1_59' title='bbox 1351 604 1657 674; x_wconf 88' lang='lat' dir='ltr'><strong>promiscue</strong></span> <span class='ocrx_word' id='word_1_60' title='bbox 1688 604 1832 659; x_wconf 89' lang='lat' dir='ltr'><strong>enim</strong></span> 
     </span>
     <span class='ocr_line' id='line_1_13' title="bbox 125 676 1832 747; baseline 0.001 -16"><span class='ocrx_word' id='word_1_61' title='bbox 125 678 375 733; x_wconf 82' lang='lat' dir='ltr'><strong>inbecilla</strong></span> <span class='ocrx_word' id='word_1_62' title='bbox 428 677 755 747; x_wconf 86' lang='lat' dir='ltr'><strong>robustaque</strong></span> <span class='ocrx_word' id='word_1_63' title='bbox 808 676 1017 731; x_wconf 83' lang='lat' dir='ltr'><strong>invadit</strong></span> <span class='ocrx_word' id='word_1_64' title='bbox 1067 708 1164 747; x_wconf 92' lang='lat'><strong>—,</strong></span> <span class='ocrx_word' id='word_1_65' title='bbox 1217 678 1295 732; x_wconf 86' lang='lat' dir='ltr'><strong>ita</strong></span> <span class='ocrx_word' id='word_1_66' title='bbox 1344 679 1411 732; x_wconf 85' lang='lat' dir='ltr'><strong>ab</strong></span> <span class='ocrx_word' id='word_1_67' title='bbox 1461 679 1542 733; x_wconf 90' lang='lat' dir='ltr'><strong>ira</strong></span> <span class='ocrx_word' id='word_1_68' title='bbox 1590 682 1703 733; x_wconf 85' lang='lat' dir='ltr'><strong>tam</strong></span> <span class='ocrx_word' id='word_1_69' title='bbox 1754 680 1832 733; x_wconf 91' lang='lat' dir='ltr'><strong>in·</strong></span> 
     </span>
     <span class='ocr_line' id='line_1_14' title="bbox 125 751 1832 824; baseline 0 -16"><span class='ocrx_word' id='word_1_70' title='bbox 125 753 321 824; x_wconf 88' lang='lat' dir='ltr'><strong>quietis</strong></span> <span class='ocrx_word' id='word_1_71' title='bbox 359 751 599 805; x_wconf 90' lang='lat' dir='ltr'><strong>moribus</strong></span> <span class='ocrx_word' id='word_1_72' title='bbox 638 752 937 822; x_wconf 90' lang='lat' dir='ltr'><strong>periculum</strong></span> <span class='ocrx_word' id='word_1_73' title='bbox 977 755 1060 806; x_wconf 90' lang='lat' dir='ltr'><strong>est</strong></span> <span class='ocrx_word' id='word_1_74' title='bbox 1098 770 1260 822; x_wconf 90' lang='lat' dir='ltr'><strong>quam</strong></span> <span class='ocrx_word' id='word_1_75' title='bbox 1307 753 1622 823; x_wconf 85' lang='lat' dir='ltr'><strong>compositis</strong></span> <span class='ocrx_word' id='word_1_76' title='bbox 1661 757 1716 808; x_wconf 91' lang='lat' dir='ltr'><strong>et</strong></span> <span class='ocrx_word' id='word_1_77' title='bbox 1752 773 1832 808; x_wconf 88' lang='lat' dir='ltr'><strong>re-</strong></span> 
     </span>
     <span class='ocr_line' id='line_1_15' title="bbox 124 826 1831 899; baseline 0.001 -17"><span class='ocrx_word' id='word_1_78' title='bbox 124 828 325 897; x_wconf 88' lang='lat' dir='ltr'><strong>missis,</strong></span> <span class='ocrx_word' id='word_1_79' title='bbox 364 826 560 897; x_wconf 89' lang='lat' dir='ltr'><strong>quibus</strong></span> <span class='ocrx_word' id='word_1_80' title='bbox 599 845 663 881; x_wconf 93' lang='lat' dir='ltr'><strong>eo</strong></span> <span class='ocrx_word' id='word_1_81' title='bbox 702 826 914 897; x_wconf 78' lang='lat' dir='ltr'><strong>turpior</strong></span> <span class='ocrx_word' id='word_1_82' title='bbox 951 846 1014 882; x_wconf 87' lang='lat' dir='ltr'><strong>ac</strong></span> <span class='ocrx_word' id='word_1_83' title='bbox 1047 826 1404 898; x_wconf 82' lang='lat' dir='ltr'>periculosior</span> <span class='ocrx_word' id='word_1_84' title='bbox 1434 830 1535 898; x_wconf 89' lang='lat' dir='ltr'><strong>est,</strong></span> <span class='ocrx_word' id='word_1_85' title='bbox 1568 847 1676 899; x_wconf 93' lang='lat' dir='ltr'><strong>quo</strong></span> <span class='ocrx_word' id='word_1_86' title='bbox 1708 829 1831 899; x_wconf 89' lang='lat' dir='ltr'><strong>plus</strong></span> 
     </span>
     <span class='ocr_line' id='line_1_16' title="bbox 122 902 1890 974; baseline 0.001 -17"><span class='ocrx_word' id='word_1_87' title='bbox 122 904 182 957; x_wconf 91' lang='lat' dir='ltr'><strong>in</strong></span> <span class='ocrx_word' id='word_1_88' title='bbox 218 902 327 957; x_wconf 86' lang='lat' dir='ltr'><strong>illis</strong></span> <span class='ocrx_word' id='word_1_89' title='bbox 365 905 554 956; x_wconf 88' lang='lat' dir='ltr'><strong>mutat.</strong></span> <span class='ocrx_word' id='word_1_90' title='bbox 616 902 709 955; x_wconf 89' lang='lat' dir='ltr'><strong>sed</strong></span> <span class='ocrx_word' id='word_1_91' title='bbox 748 920 871 956; x_wconf 88' lang='lat' dir='ltr'><strong>cum</strong></span> <span class='ocrx_word' id='word_1_92' title='bbox 910 903 1146 973; x_wconf 91' lang='lat' dir='ltr'><strong>primum</strong></span> <span class='ocrx_word' id='word_1_93' title='bbox 1186 903 1256 957; x_wconf 89' lang='lat' dir='ltr'><strong>sit</strong></span> <span class='ocrx_word' id='word_1_94' title='bbox 1293 921 1400 957; x_wconf 87' lang='lat' dir='ltr'><strong>non</strong></span> <span class='ocrx_word' id='word_1_95' title='bbox 1434 903 1594 958; x_wconf 86' lang='lat' dir='ltr'><strong>irasci</strong></span> <span class='ocrx_word' id='word_1_96' title='bbox 1601 946 1615 974; x_wconf 93' lang='lat'><strong>,</strong></span> <span class='ocrx_word' id='word_1_97' title='bbox 1649 921 1832 958; x_wconf 87' lang='lat' dir='ltr'><strong>seeun-</strong></span> <span class='ocrx_word' id='word_1_98' title='bbox 1862 919 1890 960; x_wconf 82' lang='lat'>2</span> 
     </span>
     <span class='ocr_line' id='line_1_17' title="bbox 124 976 1831 1050; baseline 0.002 -20"><span class='ocrx_word' id='word_1_99' title='bbox 124 977 252 1031; x_wconf 91' lang='lat' dir='ltr'><strong>dum</strong></span> <span class='ocrx_word' id='word_1_100' title='bbox 313 976 577 1047; x_wconf 78' lang='lat' dir='ltr'>desinere,</span> <span class='ocrx_word' id='word_1_101' title='bbox 636 977 857 1031; x_wconf 88' lang='lat' dir='ltr'><strong>tertium</strong></span> <span class='ocrx_word' id='word_1_102' title='bbox 918 978 1121 1032; x_wconf 86' lang='lat' dir='ltr'><strong>alienae</strong></span> <span class='ocrx_word' id='word_1_103' title='bbox 1176 996 1391 1049; x_wconf 89' lang='lat' dir='ltr'><strong>quoque</strong></span> <span class='ocrx_word' id='word_1_104' title='bbox 1452 979 1563 1033; x_wconf 87' lang='lat' dir='ltr'><strong>irae</strong></span> <span class='ocrx_word' id='word_1_105' title='bbox 1616 978 1831 1050; x_wconf 88' lang='lat' dir='ltr'>mederi,</span> 
     </span>
     <span class='ocr_line' id='line_1_18' title="bbox 123 1052 1830 1124; baseline 0.001 -18"><span class='ocrx_word' id='word_1_106' title='bbox 123 1052 299 1107; x_wconf 88' lang='lat' dir='ltr'><strong>dicam</strong></span> <span class='ocrx_word' id='word_1_107' title='bbox 336 1052 571 1123; x_wconf 88' lang='lat' dir='ltr'><strong>primum</strong></span> <span class='ocrx_word' id='word_1_108' title='bbox 611 1052 1062 1121; x_wconf 78' lang='lat' dir='ltr'><strong>quemadmodum</strong></span> <span class='ocrx_word' id='word_1_109' title='bbox 1102 1053 1159 1106; x_wconf 93' lang='lat' dir='ltr'><strong>in</strong></span> <span class='ocrx_word' id='word_1_110' title='bbox 1196 1054 1331 1106; x_wconf 91' lang='lat' dir='ltr'><strong>iram</strong></span> <span class='ocrx_word' id='word_1_111' title='bbox 1369 1072 1481 1108; x_wconf 91' lang='lat' dir='ltr'><strong>non</strong></span> <span class='ocrx_word' id='word_1_112' title='bbox 1505 1053 1830 1124; x_wconf 82' lang='lat' dir='ltr'><strong>incidamus,</strong></span> 
     </span>
     <span class='ocr_line' id='line_1_19' title="bbox 122 1126 1830 1198; baseline 0.001 -17"><span class='ocrx_word' id='word_1_113' title='bbox 122 1127 313 1182; x_wconf 91' lang='lat' dir='ltr'><strong>deinde</strong></span> <span class='ocrx_word' id='word_1_114' title='bbox 352 1126 804 1197; x_wconf 78' lang='lat' dir='ltr'><strong>quemadmodum</strong></span> <span class='ocrx_word' id='word_1_115' title='bbox 835 1145 935 1181; x_wconf 90' lang='lat' dir='ltr'><strong>nos</strong></span> <span class='ocrx_word' id='word_1_116' title='bbox 968 1127 1034 1181; x_wconf 91' lang='lat' dir='ltr'><strong>ab</strong></span> <span class='ocrx_word' id='word_1_117' title='bbox 1066 1128 1161 1181; x_wconf 89' lang='lat' dir='ltr'><strong>illa</strong></span> <span class='ocrx_word' id='word_1_118' title='bbox 1190 1128 1500 1198; x_wconf 89' lang='lat' dir='ltr'><strong>liberemus,</strong></span> <span class='ocrx_word' id='word_1_119' title='bbox 1540 1130 1830 1183; x_wconf 81' lang='lat' dir='ltr'><strong>novissime</strong></span> 
     </span>
     <span class='ocr_line' id='line_1_20' title="bbox 123 1201 1833 1274; baseline 0.001 -18"><span class='ocrx_word' id='word_1_120' title='bbox 123 1201 574 1273; x_wconf 79' lang='lat' dir='ltr'><strong>quemadmodum</strong></span> <span class='ocrx_word' id='word_1_121' title='bbox 622 1202 939 1256; x_wconf 74' lang='lat' dir='ltr'><strong>irascentem</strong></span> <span class='ocrx_word' id='word_1_122' title='bbox 989 1202 1312 1256; x_wconf 84' lang='lat' dir='ltr'><strong>retineamus</strong></span> <span class='ocrx_word' id='word_1_123' title='bbox 1359 1203 1739 1274; x_wconf 82' lang='lat' dir='ltr'><strong>placemusque</strong></span> <span class='ocrx_word' id='word_1_124' title='bbox 1779 1207 1833 1258; x_wconf 88' lang='lat' dir='ltr'><strong>et</strong></span> 
     </span>
     <span class='ocr_line' id='line_1_21' title="bbox 122 1277 886 1332; baseline -0.003 -1"><span class='ocrx_word' id='word_1_125' title='bbox 122 1277 190 1331; x_wconf 87' lang='lat' dir='ltr'><strong>ad</strong></span> <span class='ocrx_word' id='word_1_126' title='bbox 230 1277 513 1331; x_wconf 83' lang='lat' dir='ltr'><strong>sanitatem</strong></span> <span class='ocrx_word' id='word_1_127' title='bbox 552 1277 886 1332; x_wconf 78' lang='lat' dir='ltr'><strong>reducamus,</strong></span> 
     </span>
    </p>

    <p class='ocr_par' dir='ltr' id='par_1_8' title="bbox 120 1351 1890 2474">
     <span class='ocr_line' id='line_1_22' title="bbox 270 1351 1889 1422; baseline 0.001 -16"><span class='ocrx_word' id='word_1_128' title='bbox 270 1351 356 1406; x_wconf 87' lang='lat' dir='ltr'><strong>Ne</strong></span> <span class='ocrx_word' id='word_1_129' title='bbox 406 1352 701 1407; x_wconf 83' lang='lat' dir='ltr'><strong>irascamur</strong></span> <span class='ocrx_word' id='word_1_130' title='bbox 750 1352 1161 1422; x_wconf 86' lang='lat' dir='ltr'><strong>praestabimus,</strong></span> <span class='ocrx_word' id='word_1_131' title='bbox 1213 1352 1259 1406; x_wconf 91' lang='lat' dir='ltr'><strong>si</strong></span> <span class='ocrx_word' id='word_1_132' title='bbox 1310 1353 1491 1407; x_wconf 86' lang='lat' dir='ltr'><strong>omnia</strong></span> <span class='ocrx_word' id='word_1_133' title='bbox 1539 1353 1672 1407; x_wconf 83' lang='lat' dir='ltr'><strong>vitia</strong></span> <span class='ocrx_word' id='word_1_134' title='bbox 1720 1353 1831 1408; x_wconf 91' lang='lat' dir='ltr'><strong>irae</strong></span> <span class='ocrx_word' id='word_1_135' title='bbox 1863 1368 1889 1408; x_wconf 90' lang='lat'><strong>3</strong></span> 
     </span>
     <span class='ocr_line' id='line_1_23' title="bbox 120 1426 1831 1498; baseline 0.001 -17"><span class='ocrx_word' id='word_1_136' title='bbox 120 1427 277 1482; x_wconf 89' lang='lat' dir='ltr'><strong>nobis</strong></span> <span class='ocrx_word' id='word_1_137' title='bbox 309 1426 535 1482; x_wconf 88' lang='lat' dir='ltr'><strong>subinde</strong></span> <span class='ocrx_word' id='word_1_138' title='bbox 568 1427 1007 1498; x_wconf 89' lang='lat' dir='ltr'><strong>proposuerimus</strong></span> <span class='ocrx_word' id='word_1_139' title='bbox 1040 1430 1094 1481; x_wconf 91' lang='lat' dir='ltr'><strong>et</strong></span> <span class='ocrx_word' id='word_1_140' title='bbox 1124 1427 1274 1481; x_wconf 88' lang='lat' dir='ltr'><strong>illam</strong></span> <span class='ocrx_word' id='word_1_141' title='bbox 1304 1427 1440 1483; x_wconf 91' lang='lat' dir='ltr'><strong>bene</strong></span> <span class='ocrx_word' id='word_1_142' title='bbox 1471 1427 1831 1483; x_wconf 81' lang='lat' dir='ltr'><strong>aestimaveri-</strong></span> 
     </span>
     <span class='ocr_line' id='line_1_24' title="bbox 123 1501 1832 1574; baseline 0.001 -18"><span class='ocrx_word' id='word_1_143' title='bbox 123 1521 257 1557; x_wconf 85' lang='lat' dir='ltr'><strong>mus.</strong></span> <span class='ocrx_word' id='word_1_144' title='bbox 318 1501 619 1557; x_wconf 85' lang='lat' dir='ltr'><strong>accusanda</strong></span> <span class='ocrx_word' id='word_1_145' title='bbox 656 1505 739 1557; x_wconf 90' lang='lat' dir='ltr'><strong>est</strong></span> <span class='ocrx_word' id='word_1_146' title='bbox 769 1506 900 1572; x_wconf 90' lang='lat' dir='ltr'><strong>aput</strong></span> <span class='ocrx_word' id='word_1_147' title='bbox 929 1521 1052 1573; x_wconf 89' lang='lat' dir='ltr'><strong>nos,</strong></span> <span class='ocrx_word' id='word_1_148' title='bbox 1085 1502 1408 1574; x_wconf 80' lang='lat' dir='ltr'><strong>damnanda3</strong></span> <span class='ocrx_word' id='word_1_149' title='bbox 1446 1504 1832 1574; x_wconf 85' lang='lat' dir='ltr'><strong>perscrutanda</strong></span> 
     </span>
     <span class='ocr_line' id='line_1_25' title="bbox 122 1577 1830 1650; baseline 0.001 -18"><span class='ocrx_word' id='word_1_150' title='bbox 122 1577 236 1632; x_wconf 83' lang='lat' dir='ltr'><strong>eius</strong></span> <span class='ocrx_word' id='word_1_151' title='bbox 285 1578 428 1632; x_wconf 87' lang='lat' dir='ltr'><strong>mala</strong></span> <span class='ocrx_word' id='word_1_152' title='bbox 476 1581 531 1631; x_wconf 90' lang='lat' dir='ltr'><strong>et</strong></span> <span class='ocrx_word' id='word_1_153' title='bbox 580 1577 637 1631; x_wconf 95' lang='lat' dir='ltr'><strong>in</strong></span> <span class='ocrx_word' id='word_1_154' title='bbox 682 1577 919 1632; x_wconf 90' lang='lat' dir='ltr'><strong>medium</strong></span> <span class='ocrx_word' id='word_1_155' title='bbox 957 1577 1322 1647; x_wconf 89' lang='lat' dir='ltr'><strong>protrahenda</strong></span> <span class='ocrx_word' id='word_1_156' title='bbox 1361 1581 1509 1649; x_wconf 80' lang='lat' dir='ltr'><strong>sunt3</strong></span> <span class='ocrx_word' id='word_1_157' title='bbox 1555 1582 1617 1632; x_wconf 87' lang='lat' dir='ltr'><strong>ut</strong></span> <span class='ocrx_word' id='word_1_158' title='bbox 1655 1579 1830 1650; x_wconf 91' lang='lat' dir='ltr'><strong>qualis</strong></span> 
     </span>
     <span class='ocr_line' id='line_1_26' title="bbox 123 1652 1890 1723; baseline 0.002 -17"><span class='ocrx_word' id='word_1_159' title='bbox 123 1653 195 1706; x_wconf 85' lang='lat' dir='ltr'><strong>sit</strong></span> <span class='ocrx_word' id='word_1_160' title='bbox 242 1655 521 1723; x_wconf 86' lang='lat' dir='ltr'><strong>appareat,</strong></span> <span class='ocrx_word' id='word_1_161' title='bbox 570 1652 931 1723; x_wconf 88' lang='lat' dir='ltr'><strong>comparanda</strong></span> <span class='ocrx_word' id='word_1_162' title='bbox 980 1670 1103 1707; x_wconf 90' lang='lat' dir='ltr'><strong>cum</strong></span> <span class='ocrx_word' id='word_1_163' title='bbox 1149 1652 1395 1723; x_wconf 89' lang='lat' dir='ltr'><strong>pessimis</strong></span> <span class='ocrx_word' id='word_1_164' title='bbox 1434 1660 1529 1708; x_wconf 89' lang='lat' dir='ltr'><strong>est.</strong></span> <span class='ocrx_word' id='word_1_165' title='bbox 1606 1654 1832 1708; x_wconf 80' lang='lat' dir='ltr'><strong>avaritia</strong></span> <span class='ocrx_word' id='word_1_166' title='bbox 1861 1668 1890 1709; x_wconf 84' lang='lat'>4</span> 
     </span>
     <span class='ocr_line' id='line_1_27' title="bbox 122 1727 1832 1800; baseline 0.001 -18"><span class='ocrx_word' id='word_1_167' title='bbox 122 1727 359 1798; x_wconf 88' lang='lat' dir='ltr'><strong>adquirit</strong></span> <span class='ocrx_word' id='word_1_168' title='bbox 411 1730 465 1781; x_wconf 86' lang='lat' dir='ltr'><strong>et</strong></span> <span class='ocrx_word' id='word_1_169' title='bbox 517 1727 811 1797; x_wconf 86' lang='lat' dir='ltr'><strong>contrahit,</strong></span> <span class='ocrx_word' id='word_1_170' title='bbox 861 1745 968 1798; x_wconf 92' lang='lat' dir='ltr'><strong>quo</strong></span> <span class='ocrx_word' id='word_1_171' title='bbox 1017 1727 1211 1797; x_wconf 82' lang='lat' dir='ltr'><strong>aliquis</strong></span> <span class='ocrx_word' id='word_1_172' title='bbox 1259 1727 1449 1782; x_wconf 90' lang='lat' dir='ltr'><strong>melior</strong></span> <span class='ocrx_word' id='word_1_173' title='bbox 1494 1731 1701 1800; x_wconf 84' lang='lat' dir='ltr'><strong>utatur3</strong></span> <span class='ocrx_word' id='word_1_174' title='bbox 1751 1729 1832 1784; x_wconf 85' lang='lat' dir='ltr'><strong>ira</strong></span> 
     </span>
     <span class='ocr_line' id='line_1_28' title="bbox 121 1802 1831 1875; baseline 0.001 -18"><span class='ocrx_word' id='word_1_175' title='bbox 121 1802 388 1874; x_wconf 84' lang='lat' dir='ltr'><strong>inpendit,</strong></span> <span class='ocrx_word' id='word_1_176' title='bbox 427 1802 612 1873; x_wconf 85' lang='lat' dir='ltr'><strong>paucis</strong></span> <span class='ocrx_word' id='word_1_177' title='bbox 651 1802 889 1875; x_wconf 79' lang='lat' dir='ltr'><strong>gratuita</strong></span> <span class='ocrx_word' id='word_1_178' title='bbox 926 1805 1030 1856; x_wconf 86' lang='lat' dir='ltr'><strong>est:</strong></span> <span class='ocrx_word' id='word_1_179' title='bbox 1083 1802 1370 1857; x_wconf 85' lang='lat' dir='ltr'><strong>iracundus</strong></span> <span class='ocrx_word' id='word_1_180' title='bbox 1410 1803 1660 1858; x_wconf 92' lang='lat' dir='ltr'><strong>dominus</strong></span> <span class='ocrx_word' id='word_1_181' title='bbox 1696 1807 1831 1875; x_wconf 91' lang='lat' dir='ltr'><strong>quot</strong></span> 
     </span>
     <span class='ocr_line' id='line_1_29' title="bbox 120 1877 1829 1950; baseline 0.002 -19"><span class='ocrx_word' id='word_1_182' title='bbox 120 1878 178 1931; x_wconf 91' lang='lat' dir='ltr'><strong>in</strong></span> <span class='ocrx_word' id='word_1_183' title='bbox 226 1877 412 1950; x_wconf 81' lang='lat' dir='ltr'><strong>fugam</strong></span> <span class='ocrx_word' id='word_1_184' title='bbox 462 1896 644 1932; x_wconf 83' lang='lat' dir='ltr'><strong>servos</strong></span> <span class='ocrx_word' id='word_1_185' title='bbox 692 1878 824 1950; x_wconf 81' lang='lat' dir='ltr'><strong>egit,</strong></span> <span class='ocrx_word' id='word_1_186' title='bbox 865 1880 999 1948; x_wconf 89' lang='lat' dir='ltr'><strong>quot</strong></span> <span class='ocrx_word' id='word_1_187' title='bbox 1036 1877 1094 1932; x_wconf 90' lang='lat' dir='ltr'><strong>in</strong></span> <span class='ocrx_word' id='word_1_188' title='bbox 1133 1878 1386 1932; x_wconf 73' lang='lat' dir='ltr'><strong>mortem!</strong></span> <span class='ocrx_word' id='word_1_189' title='bbox 1464 1882 1666 1948; x_wconf 91' lang='lat' dir='ltr'><strong>quanto</strong></span> <span class='ocrx_word' id='word_1_190' title='bbox 1705 1880 1829 1950; x_wconf 89' lang='lat' dir='ltr'><strong>plus</strong></span> 
     </span>
     <span class='ocr_line' id='line_1_30' title="bbox 121 1952 1829 2025; baseline 0.002 -19"><span class='ocrx_word' id='word_1_191' title='bbox 121 1952 400 2007; x_wconf 84' lang='lat' dir='ltr'><strong>irascendo</strong></span> <span class='ocrx_word' id='word_1_192' title='bbox 460 1970 621 2022; x_wconf 89' lang='lat' dir='ltr'><strong>quam</strong></span> <span class='ocrx_word' id='word_1_193' title='bbox 682 1952 737 2006; x_wconf 91' lang='lat' dir='ltr'><strong>id</strong></span> <span class='ocrx_word' id='word_1_194' title='bbox 799 1955 938 2021; x_wconf 83' lang='lat' dir='ltr'><strong>erat,</strong></span> <span class='ocrx_word' id='word_1_195' title='bbox 997 1955 1219 2023; x_wconf 89' lang='lat' dir='ltr'><strong>propter</strong></span> <span class='ocrx_word' id='word_1_196' title='bbox 1279 1953 1425 2023; x_wconf 93' lang='lat' dir='ltr'><strong>quod</strong></span> <span class='ocrx_word' id='word_1_197' title='bbox 1486 1954 1829 2025; x_wconf 88' lang='lat' dir='ltr'><strong>irascebatur,</strong></span> 
     </span>
     <span class='ocr_line' id='line_1_31' title="bbox 121 2026 1830 2100; baseline 0.001 -18"><span class='ocrx_word' id='word_1_198' title='bbox 121 2027 322 2082; x_wconf 80' lang='lat' dir='ltr'><strong>amisit!</strong></span> <span class='ocrx_word' id='word_1_199' title='bbox 415 2026 494 2080; x_wconf 91' lang='lat' dir='ltr'><strong>ira</strong></span> <span class='ocrx_word' id='word_1_200' title='bbox 546 2027 689 2097; x_wconf 85' lang='lat' dir='ltr'><strong>patri</strong></span> <span class='ocrx_word' id='word_1_201' title='bbox 740 2028 973 2097; x_wconf 89' lang='lat' dir='ltr'><strong>luctum,</strong></span> <span class='ocrx_word' id='word_1_202' title='bbox 1024 2027 1217 2082; x_wconf 88' lang='lat' dir='ltr'><strong>marito</strong></span> <span class='ocrx_word' id='word_1_203' title='bbox 1275 2027 1569 2083; x_wconf 81' lang='lat' dir='ltr'><strong>divortium</strong></span> <span class='ocrx_word' id='word_1_204' title='bbox 1631 2029 1830 2100; x_wconf 85' lang='lat' dir='ltr'><strong>attulit,</strong></span> 
     </span>
     <span class='ocr_line' id='line_1_32' title="bbox 121 2101 1887 2235; baseline 0.002 -4"><span class='ocrx_word' id='word_1_205' title='bbox 121 2101 674 2232; x_wconf 22' lang='lat' dir='ltr'><strong>gnuasumxssmtujmffl</strong></span> <span class='ocrx_word' id='word_1_206' title='bbox 682 2101 1072 2231; x_wconf 55' lang='grc' dir='ltr'><strong>ἱηῗῖῒέῗῶζ</strong></span> <span class='ocrx_word' id='word_1_207' title='bbox 1073 2103 1451 2233; x_wconf 55' lang='grc' dir='ltr'><strong>Ἓΐῗζῑιὲἰ</strong></span> <span class='ocrx_word' id='word_1_208' title='bbox 1454 2104 1641 2234; x_wconf 57' lang='lat' dir='ltr'><strong>iffi?</strong></span> <span class='ocrx_word' id='word_1_209' title='bbox 1652 2123 1827 2235; x_wconf 51' lang='lat' dir='ltr'><strong>:¹132ss</strong></span> <span class='ocrx_word' id='word_1_210' title='bbox 1860 2119 1887 2158; x_wconf 81' lang='lat'>⁵</span> 
     </span>
     <span class='ocr_line' id='line_1_33' title="bbox 122 2196 1828 2324; baseline 0.002 -18"><span class='ocrx_word' id='word_1_211' title='bbox 122 2252 320 2307; x_wconf 74' lang='lat' dir='ltr'><strong>dolore.</strong></span> <span class='ocrx_word' id='word_1_212' title='bbox 340 2218 357 2247; x_wconf 88' lang='lat'>&#39;</span> <span class='ocrx_word' id='word_1_213' title='bbox 395 2196 577 2307; x_wconf 53' lang='lat' dir='ltr'><strong>‘ivineit</strong></span> <span class='ocrx_word' id='word_1_214' title='bbox 626 2252 1015 2324; x_wconf 75' lang='lat' dir='ltr'><strong>malignitatem</strong></span> <span class='ocrx_word' id='word_1_215' title='bbox 1061 2196 1121 2306; x_wconf 62' lang='lat' dir='ltr'><strong>{t</strong></span> <span class='ocrx_word' id='word_1_216' title='bbox 1170 2221 1457 2308; x_wconf 65' lang='lat' dir='ltr'><strong>invidiam?</strong></span> <span class='ocrx_word' id='word_1_217' title='bbox 1509 2254 1634 2309; x_wconf 73' lang='lat' dir='ltr'><strong>mae</strong></span> <span class='ocrx_word' id='word_1_218' title='bbox 1684 2255 1828 2309; x_wconf 72' lang='lat' dir='ltr'><strong>enim</strong></span> 
     </span>
     <span class='ocr_line' id='line_1_34' title="bbox 122 2326 1827 2398; baseline 0.001 -17"><span class='ocrx_word' id='word_1_219' title='bbox 122 2326 390 2381; x_wconf 81' lang='lat' dir='ltr'><strong>infelicem</strong></span> <span class='ocrx_word' id='word_1_220' title='bbox 429 2326 546 2381; x_wconf 90' lang='lat' dir='ltr'><strong>fieri</strong></span> <span class='ocrx_word' id='word_1_221' title='bbox 583 2327 799 2397; x_wconf 82' lang='lat' dir='ltr'><strong>volunt,</strong></span> <span class='ocrx_word' id='word_1_222' title='bbox 835 2326 970 2382; x_wconf 88' lang='lat' dir='ltr'><strong>haec</strong></span> <span class='ocrx_word' id='word_1_223' title='bbox 1006 2326 1205 2398; x_wconf 81' lang='lat' dir='ltr'><strong>facere3</strong></span> <span class='ocrx_word' id='word_1_224' title='bbox 1243 2327 1365 2382; x_wconf 87' lang='lat' dir='ltr'><strong>illae</strong></span> <span class='ocrx_word' id='word_1_225' title='bbox 1399 2328 1640 2383; x_wconf 89' lang='lat' dir='ltr'><strong>fortuitis</strong></span> <span class='ocrx_word' id='word_1_226' title='bbox 1672 2329 1827 2383; x_wconf 85' lang='lat' dir='ltr'><strong>malis</strong></span> 
     </span>
     <span class='ocr_line' id='line_1_35' title="bbox 124 2401 1828 2474; baseline 0.002 -19"><span class='ocrx_word' id='word_1_227' title='bbox 124 2401 469 2472; x_wconf 79' lang='lat' dir='ltr'><strong>delectantur,</strong></span> <span class='ocrx_word' id='word_1_228' title='bbox 499 2401 632 2457; x_wconf 87' lang='lat' dir='ltr'><strong>haec</strong></span> <span class='ocrx_word' id='word_1_229' title='bbox 662 2420 772 2456; x_wconf 92' lang='lat' dir='ltr'><strong>non</strong></span> <span class='ocrx_word' id='word_1_230' title='bbox 800 2405 979 2473; x_wconf 86' lang='lat' dir='ltr'><strong>potest</strong></span> <span class='ocrx_word' id='word_1_231' title='bbox 1002 2406 1283 2474; x_wconf 84' lang='lat' dir='ltr'><strong>expectare</strong></span> <span class='ocrx_word' id='word_1_232' title='bbox 1306 2403 1602 2458; x_wconf 87' lang='lat' dir='ltr'><strong>fortunam:</strong></span> <span class='ocrx_word' id='word_1_233' title='bbox 1634 2422 1828 2459; x_wconf 88' lang='lat' dir='ltr'><strong>nocere</strong></span> 
     </span>
    </p>
   </div>
   <div class='ocr_carea' id='block_1_7' title="bbox 117 2563 1828 2925">
    <p class='ocr_par' dir='ltr' id='par_1_9' title="bbox 117 2563 1828 2925">
     <span class='ocr_line' id='line_1_36' title="bbox 257 2563 1826 2637; baseline 0.003 -28"><span class='ocrx_word' id='word_1_234' title='bbox 257 2563 301 2635; x_wconf 64' lang='lat'><strong>‚²</strong></span> <span class='ocrx_word' id='word_1_235' title='bbox 325 2564 643 2635; x_wconf 68' lang='lat' dir='ltr'><strong>&lt;maxime&gt;</strong></span> <span class='ocrx_word' id='word_1_236' title='bbox 669 2565 780 2636; x_wconf 71' lang='lat' dir='ltr'><strong>buic</strong></span> <span class='ocrx_word' id='word_1_237' title='bbox 805 2564 1033 2615; x_wconf 72' lang='lat' dir='ltr'><strong>obnoxiu·</strong></span> <span class='ocrx_word' id='word_1_238' title='bbox 1057 2567 1278 2624; x_wconf 77' lang='lat' dir='ltr'><strong>proponit</strong></span> <span class='ocrx_word' id='word_1_239' title='bbox 1299 2566 1567 2626; x_wconf 72' lang='lat' dir='ltr'><strong>Wesenberq</strong></span> <span class='ocrx_word' id='word_1_240' title='bbox 1581 2566 1599 2627; x_wconf 81' lang='grc' dir='ltr'><strong>ΙΙ</strong></span> <span class='ocrx_word' id='word_1_241' title='bbox 1622 2566 1681 2613; x_wconf 89' lang='grc'><strong>10</strong></span> <span class='ocrx_word' id='word_1_242' title='bbox 1700 2567 1826 2637; x_wconf 77' lang='lat' dir='ltr'><strong>peri-</strong></span> 
     </span>
     <span class='ocr_line' id='line_1_37' title="bbox 123 2622 1825 2686; baseline 0.002 -17"><span class='ocrx_word' id='word_1_243' title='bbox 123 2622 326 2670; x_wconf 75' lang='lat' dir='ltr'><strong>culosior</strong></span> <span class='ocrx_word' id='word_1_244' title='bbox 355 2626 402 2671; x_wconf 99' lang='lat' dir='ltr'><strong><em>A</em></strong></span> <span class='ocrx_word' id='word_1_245' title='bbox 443 2638 750 2683; x_wconf 76' lang='lat' dir='ltr'><strong>permciosior</strong></span> <span class='ocrx_word' id='word_1_246' title='bbox 790 2625 960 2671; x_wconf 76' lang='lat' dir='ltr'><strong>mavolt</strong></span> <span class='ocrx_word' id='word_1_247' title='bbox 994 2625 1130 2671; x_wconf 70' lang='lat' dir='ltr'><strong>Gertz</strong></span> <span class='ocrx_word' id='word_1_248' title='bbox 1167 2639 1262 2672; x_wconf 75' lang='lat' dir='ltr'><strong>non</strong></span> <span class='ocrx_word' id='word_1_249' title='bbox 1298 2631 1416 2673; x_wconf 78' lang='lat' dir='ltr'><strong>recte</strong></span> <span class='ocrx_word' id='word_1_250' title='bbox 1456 2626 1474 2686; x_wconf 84' lang='grc' dir='ltr'>Η</span> <span class='ocrx_word' id='word_1_251' title='bbox 1516 2625 1575 2672; x_wconf 75' lang='lat'><strong>12</strong></span> <span class='ocrx_word' id='word_1_252' title='bbox 1613 2625 1825 2673; x_wconf 79' lang='lat' dir='ltr'><strong>desinere</strong></span> 
     </span>
     <span class='ocr_line' id='line_1_38' title="bbox 127 2682 1828 2757; baseline 0.002 -28"><span class='ocrx_word' id='word_1_253' title='bbox 127 2682 312 2731; x_wconf 70' lang='lat' dir='ltr'><strong>Gronov</strong></span> <span class='ocrx_word' id='word_1_254' title='bbox 342 2684 552 2731; x_wconf 82' lang='lat' dir='ltr'><strong>detinere</strong></span> <span class='ocrx_word' id='word_1_255' title='bbox 576 2685 680 2731; x_wconf 91' lang='lat' dir='ltr'><strong>AL</strong></span> <span class='ocrx_word' id='word_1_256' title='bbox 708 2686 726 2745; x_wconf 89' lang='grc' dir='ltr'><strong>ΙΙ</strong></span> <span class='ocrx_word' id='word_1_257' title='bbox 754 2684 816 2731; x_wconf 65' lang='lat' dir='ltr'><strong>m</strong></span> <span class='ocrx_word' id='word_1_258' title='bbox 839 2690 947 2743; x_wconf 74' lang='lat' dir='ltr'><strong>poet</strong></span> <span class='ocrx_word' id='word_1_259' title='bbox 976 2684 1105 2731; x_wconf 79' lang='lat' dir='ltr'><strong>mala</strong></span> <span class='ocrx_word' id='word_1_260' title='bbox 1126 2686 1179 2731; x_wconf 73' lang='lat' dir='ltr'><strong>in</strong></span> <span class='ocrx_word' id='word_1_261' title='bbox 1201 2687 1246 2732; x_wconf 93' lang='lat' dir='ltr'><strong><em>A</em></strong></span> <span class='ocrx_word' id='word_1_262' title='bbox 1274 2692 1361 2732; x_wconf 77' lang='lat' dir='ltr'><strong>aut</strong></span> <span class='ocrx_word' id='word_1_263' title='bbox 1381 2686 1536 2757; x_wconf 59' lang='lat' dir='ltr'><strong>littera</strong></span> <span class='ocrx_word' id='word_1_264' title='bbox 1558 2687 1720 2757; x_wconf 60' lang='lat' dir='ltr'><strong>alfqua</strong></span> <span class='ocrx_word' id='word_1_265' title='bbox 1741 2693 1828 2734; x_wconf 75' lang='lat' dir='ltr'><strong>aut</strong></span> 
     </span>
     <span class='ocr_line' id='line_1_39' title="bbox 117 2744 1827 2867; baseline 0.004 -19"><span class='ocrx_word' id='word_1_266' title='bbox 117 2749 342 2849; x_wconf 51' lang='lat' dir='ltr'><strong>ma·</strong></span> <span class='ocrx_word' id='word_1_267' title='bbox 368 2759 552 2850; x_wconf 51' lang='lat' dir='ltr'><strong>{amn</strong></span> <span class='ocrx_word' id='word_1_268' title='bbox 578 2744 949 2862; x_wconf 38' lang='grc' dir='ltr'><strong>ἴρὲιιιὲξιῗαὲιζζ)</strong></span> <span class='ocrx_word' id='word_1_269' title='bbox 961 2745 1099 2863; x_wconf 59' lang='lat' dir='ltr'><strong>Aqdils</strong></span> <span class='ocrx_word' id='word_1_270' title='bbox 1119 2745 1394 2863; x_wconf 49' lang='lat' dir='ltr'><strong>walt?</strong></span> <span class='ocrx_word' id='word_1_271' title='bbox 1401 2746 1827 2867; x_wconf 46' lang='lat' dir='ltr'><strong>osspggaeffihffigefi</strong></span> 
     </span>
     <span class='ocr_line' id='line_1_40' title="bbox 122 2861 1342 2925; baseline 0.003 -17"><span class='ocrx_word' id='word_1_272' title='bbox 122 2861 183 2908; x_wconf 70' lang='lat'><strong>28</strong></span> <span class='ocrx_word' id='word_1_273' title='bbox 212 2867 255 2909; x_wconf 70' lang='lat' dir='ltr'><strong>et</strong></span> <span class='ocrx_word' id='word_1_274' title='bbox 284 2862 347 2909; x_wconf 76' lang='lat'><strong>24</strong></span> <span class='ocrx_word' id='word_1_275' title='bbox 377 2866 494 2922; x_wconf 86' lang='lat' dir='ltr'><strong>quot</strong></span> <span class='ocrx_word' id='word_1_276' title='bbox 523 2875 551 2909; x_wconf 77' lang='grc' dir='ltr'><strong>ς’</strong></span> <span class='ocrx_word' id='word_1_277' title='bbox 581 2863 707 2921; x_wconf 89' lang='lat' dir='ltr'><strong>quod</strong></span> <span class='ocrx_word' id='word_1_278' title='bbox 732 2866 776 2910; x_wconf 83' lang='lat' dir='ltr'><strong><em>A</em></strong></span> <span class='ocrx_word' id='word_1_279' title='bbox 810 2864 1038 2922; x_wconf 74' lang='lat' dir='ltr'><strong>quosdam</strong></span> <span class='ocrx_word' id='word_1_280' title='bbox 1071 2866 1116 2911; x_wconf 88' lang='lat' dir='ltr'><strong><em>L</em></strong></span> <span class='ocrx_word' id='word_1_281' title='bbox 1147 2870 1199 2911; x_wconf 79' lang='lat' dir='ltr'><strong>ut</strong></span> <span class='ocrx_word' id='word_1_282' title='bbox 1228 2866 1342 2925; x_wconf 76' lang='lat' dir='ltr'><strong>volq.</strong></span> 
     </span>
    </p>
   </div>
   <div class='ocr_carea' id='block_1_8' title="bbox 215 2951 1463 3001">
    <p class='ocr_par' dir='ltr' id='par_1_10' title="bbox 215 2951 1463 3001">
     <span class='ocr_line' id='line_1_41' title="bbox 215 2951 1463 3001; baseline -0.001 -13"><span class='ocrx_word' id='word_1_283' title='bbox 215 2951 411 2990; x_wconf 60' lang='lat' dir='ltr'><strong>fimena</strong></span> <span class='ocrx_word' id='word_1_284' title='bbox 432 2962 571 2990; x_wconf 54' lang='lat' dir='ltr'><strong>onus</strong></span> <span class='ocrx_word' id='word_1_285' title='bbox 591 2956 619 2988; x_wconf 85' lang='lat'><strong>1.</strong></span> <span class='ocrx_word' id='word_1_286' title='bbox 640 2958 667 2989; x_wconf 88' lang='grc' dir='ltr'><strong>ι.</strong></span> <span class='ocrx_word' id='word_1_287' title='bbox 684 2955 741 2989; x_wconf 76' lang='lat' dir='ltr'><strong>ed.</strong></span> <span class='ocrx_word' id='word_1_288' title='bbox 760 2956 968 2989; x_wconf 72' lang='lat' dir='ltr'><strong>nemen.</strong></span> <span class='ocrx_word' id='word_1_289' title='bbox 1436 2961 1463 3001; x_wconf 76' lang='lat'>8</span> 
     </span>
    </p>
   </div>
  </div>
 </body>
</html>
