2028 3106
147 69 232 115 AD
264 68 548 114 HELVIAM
577 67 845 113 MATREM
874 68 958 113 DE
991 64 1456 113 CONSOLATIONE
1493 66 1621 113 CAP.
1652 74 1677 114 6
1748 71 1858 126 345

146 190 396 245 suasione
447 191 678 261 quadam
730 193 784 243 et
834 207 1099 244 consensu
1148 187 1256 242 iam
1303 187 1545 256 asperius
1593 190 1660 242 ad
1707 210 1860 245 aures

145 266 296 318 venit
325 268 381 318 et
410 266 678 320 audientis
708 267 985 334 tamquam
1017 264 1172 317 triste
1202 265 1258 316 et
1280 262 1577 316 execrabile
1601 264 1746 318 ferit:
1785 266 1862 319 ita

145 339 289 392 enim
329 341 564 410 populus
604 340 784 408 iussit3
831 340 925 392 sed
963 336 1155 408 populi
1195 336 1331 390 scita
1369 354 1436 389 ex
1474 355 1672 408 magna
1708 343 1860 408 parte

145 413 417 483 sapientes
457 415 735 486 abrogant.

0 514 2 527 ·
92 508 114 542 ε
294 487 389 542 VL
450 488 681 542 Remoto
737 505 866 558 ergo
921 486 1121 540 iudicio
1176 484 1440 557 plurium,
1495 503 1630 554 quos
1685 487 1862 557 prima
1893 502 1917 541 1

0 548 3 567 ¹
142 580 321 616 rerum
354 564 582 633 species,
621 565 916 631 utcumque
949 560 1152 615 credita
1183 562 1286 628 est,
1327 559 1527 628 aufert,
1566 560 1859 631 videamus,

144 636 275 706 quid
321 638 393 691 sit
442 637 679 720 exilium.
755 654 947 720 nempe
985 635 1095 689 loci
1133 635 1500 688 commutatio.
1578 653 1648 688 ne
1694 654 1861 708 angu-

143 714 284 764 stare
338 711 522 765 videar
574 709 685 763 vim
741 711 856 763 eius
911 713 967 764 et
1021 707 1286 779 quidquid
1339 708 1635 777 pessimum
1691 710 1749 764 in
1803 729 1859 765 se

141 784 305 839 habet
344 785 679 853 subtrahere,
717 784 859 839 hanc
899 783 1380 839 commutationem
1418 783 1527 838 loci
1559 788 1861 854 sequuntur

0 898 3 927 ;
67 881 112 915 ιο
141 859 506 915 incommoda:
575 862 888 930 paupertas,
948 857 1274 931 ignominia,
1335 861 1691 928 contemptus.
1770 860 1859 914 ad-

140 953 326 989 versus
380 935 486 987 ista
537 938 728 1005 postea
781 934 1095 1006 confligam3
1156 932 1376 987 interim
1430 933 1668 1003 primum
1721 935 1858 989 illud

140 1011 338 1063 intueri
376 1009 528 1078 vo10,
567 1009 698 1079 quid
738 1009 916 1064 acerbi
955 1009 1163 1062 adferat
1200 1008 1319 1078 ipsa
1348 1007 1458 1062 loci
1490 1011 1857 1064 commutatiO.

291 1082 512 1137 ‘Carere
574 1083 751 1154 pata-ia
805 1083 1145 1138 intolerabile
1200 1081 1316 1136 est?
1394 1083 1573 1152 aspice
1627 1084 1857 1155 agedum
1889 1097 1915 1137 2

138 1158 279 1212 hanc
317 1158 702 1227 frequentiam,
748 1160 836 1212 cui
874 1158 967 1211 vix
1003 1158 1155 1211 urbis
1193 1157 1488 1210 immensae
1526 1160 1671 1213 tecta
1710 1158 1858 1212 suffi-

65 1254 108 1288 15
139 1233 313 1287 ciunt:
352 1233 589 1286 maxima
626 1251 751 1303 pars
791 1233 949 1287 istius
989 1232 1178 1287 turbae
1217 1231 1394 1302 patria
1425 1235 1582 1286 caret.
1647 1251 1713 1286 ex
1745 1252 1858 1287 mu-

136 1307 353 1377 nicipiis
408 1310 463 1361 et
516 1307 746 1361 coloniis
800 1308 934 1377 suis,
989 1326 1055 1361 ex
1108 1309 1227 1360 toto
1283 1306 1516 1376 denique
1572 1307 1700 1361 orbe
1754 1311 1857 1362 ter·

137 1400 318 1435 rarum
365 1381 767 1436 confluxerunt:
822 1382 957 1436 alios
1005 1381 1231 1435 adduxit
1277 1381 1530 1452 ambitio,
1584 1382 1720 1436 alios
1766 1402 1856 1438 ne·

138 1457 359 1511 cessitas
423 1456 592 1511 officii
654 1457 884 1527 publici,
948 1457 1083 1511 alios
1138 1456 1379 1526 inposita
1431 1457 1633 1529 legatio
1642 1500 1657 1527 ,
1719 1458 1855 1512 alios

0 1548 1 1553 ¹
135 1532 351 1586 luxuria
382 1534 750 1601 opportunum
782 1535 837 1586 et
861 1532 1180 1602 opulentum
1203 1531 1350 1586 vitiis
1372 1532 1555 1586 locum
1581 1551 1856 1604 quaerens,

62 1628 107 1661 ιο
137 1607 272 1661 alios
319 1606 625 1660 liberalium
665 1606 968 1661 studiorum
1009 1605 1277 1677 cupiditas
1285 1648 1302 1677 ,
1349 1607 1484 1661 alios
1526 1609 1855 1679 spectacula3

138 1682 399 1752 quosdam
461 1682 630 1735 traxit
691 1682 953 1751 amicitia,
1023 1681 1286 1752 quosdam
1348 1683 1616 1736 industria
1676 1684 1855 1737 laxam
1957 1718 1981 1761 4-

138 1756 497 1812 ostendendae
535 1757 726 1810 virtuti
762 1761 960 1812 nancta
999 1757 1303 1827 materiam3
1350 1757 1571 1827 quidam
1611 1758 1855 1812 venalem

135 1831 367 1887 formam
414 1832 735 1901 attulerunt,
790 1833 1011 1902 quidam
1058 1832 1304 1887 venalem
1353 1832 1719 1903 eloquentiam
1760 1852 1855 1887 -τ

135 1908 348 1962 nullum
393 1926 505 1962 non
550 1907 834 1962 hominum
881 1925 1053 1980 genus
1094 1908 1438 1962 concucurrit
1477 1908 1534 1961 in
1573 1908 1762 1963 urbem
1801 1912 1856 1963 et
1887 1924 1913 1965 3

60 2002 106 2036 ιι
135 1983 429 2037 virtutibus
469 1986 525 2037 et
562 1982 709 2037 vitiis
741 2000 941 2055 magna
972 1982 1146 2054 pretia
1176 1986 1484 2053 ponentem.
1562 1984 1687 2038 iube
1719 1985 1852 2038 istos

137 2075 322 2112 omnes
371 2058 439 2112 ad
489 2076 688 2112 nomen
739 2058 895 2112 citari
945 2062 1002 2112 et
1052 2057 1218 2112 ‘unde
1269 2057 1457 2112 domo'
1509 2059 1736 2129 quisque
1784 2060 1856 2113 sit

136 2150 354 2202 quaere:
391 2133 597 2187 videbis
637 2133 897 2187 maiorem
937 2136 1146 2204 partem
1186 2151 1324 2203 esse,
1364 2151 1501 2204 quae
1539 2134 1743 2189 relictis
1776 2153 1854 2189 se-

136 2206 295 2262 dibus
342 2209 455 2262 sm's
502 2208 711 2263 venerit
757 2207 815 2261 in
862 2208 1155 2262 maximam
1196 2208 1414 2278 quidem
1456 2227 1518 2263 ac
1557 2210 1852 2279 pulcherri-

135 2299 279 2336 mam
318 2283 528 2353 urbem,
566 2302 678 2338 non
715 2286 901 2337 tamen
939 2301 1105 2337 suam.
1170 2282 1361 2337 deinde
1400 2284 1466 2337 ab
1498 2284 1603 2338 hac
1634 2285 1851 2339 civitate
1883 2301 1910 2342 4

0 2407 4 2424 ‚
59 2375 104 2410 ιο
135 2356 371 2425 discede,
402 2377 539 2429 quae
570 2359 739 2413 veluti
771 2358 1074 2412 communis
1107 2360 1289 2428 potest
1320 2357 1450 2428 dici,
1482 2377 1667 2414 omnes
1691 2360 1851 2414 urbes

135 2432 382 2486 circumi:
427 2434 581 2488 nulla
624 2452 735 2488 non
775 2452 1029 2505 magnam
1069 2435 1278 2503 partem
1317 2434 1631 2506 peregrinae
1670 2434 1851 2488 multi—

134 2506 339 2561 tudinis
384 2506 560 2563 habet.
637 2509 808 2563 transi
855 2508 921 2562 ab
970 2508 1061 2577 iis,
1108 2525 1337 2578 quarum
1385 2527 1612 2563 amoena
1649 2510 1849 2579 positio

135 2585 189 2636 et
228 2584 609 2653 opportunitas
647 2584 885 2656 regionis
924 2582 1108 2653 plures
1148 2582 1358 2653 adlicit3
1397 2583 1608 2638 deserta
1645 2585 1767 2639 loca
1797 2587 1850 2639 et

287 2714 312 2759 7
337 2716 719 2762 commutatione.
753 2716 1008 2785 angustare
1026 2715 1072 2760 A
1097 2728 1211 2761 corr.
1227 2715 1454 2775 Fickert!
1438 2715 1454 2776 Η
1476 2716 1506 2761 9
1522 2717 1750 2772 sequntur
1765 2717 1811 2762 A
1834 2716 1851 2777 ΙΙ

134 2772 195 2818 2⁸
225 2773 371 2819 unde
403 2775 566 2821 domo'
603 2790 661 2823 ex
694 2776 924 2823 communi
953 2774 1159 2830 formula
1193 2775 1276 2831 cfr.
1306 2775 1432 2835 Verq.
1462 2777 1580 2822 Aen
1610 2777 1739 2821 VIII
1764 2780 1849 2822 114

136 2833 252 2880 Hor.
289 2835 416 2892 epist.
454 2837 487 2881 1
522 2840 565 2890 7,
588 2839 647 2882 63
686 2839 703 2895 Η
743 2835 800 2881 81
844 2834 1039 2880 circumi
1071 2835 1186 2893 voly.
1221 2834 1369 2881 circui
1400 2847 1428 2880 ς
1463 2836 1590 2881 circu
1615 2836 1661 2881 A
1693 2835 1776 2891 cfr.
1810 2850 1846 2882 c.

136 2897 180 2948 7,
200 2898 230 2940 6
259 2894 324 2939 in.
356 2895 373 2953 ΙΙ
402 2894 462 2940 88
494 2894 648 2941 allicit
670 2895 741 2942 A⁸
770 2897 823 2940 in
852 2909 945 2941 ras.
980 2894 1147 2939 adlic&
1171 2895 1240 2940 A¹
1270 2901 1323 2941 ut
1352 2896 1443 2941 vid.
