2034 3086
172 48 281 102 174
443 12 452 15 ’
495 37 1113 91 L.ANNAE1'SENECAE
1143 45 1542 94 DIAL.L1}3.V1.

169 165 342 237 magis
398 165 610 235 placeat
662 183 824 235 quam
879 166 1024 237 quod
1084 167 1340 221 amissum
1401 171 1503 221 est:
1574 166 1866 237 iniquiores

170 256 355 294 sumus
408 239 661 294 adversus
711 240 901 294 relicta
953 244 1258 311 ereptorum
1310 240 1585 295 desiderio.
1675 242 1768 296 sed
1821 242 1868 296 si

170 313 450 368 aestimare
502 313 758 383 volueris,
813 333 975 384 quam
1028 315 1184 370 valde
1243 315 1345 369 tibi
1403 314 1644 384 fortuna,
1703 315 1866 369 etiam

170 406 292 443 cum
342 388 590 458 saeviret,
639 388 960 458 pepercerit,
1008 389 1143 444 scies
1193 392 1248 443 te
1295 389 1493 443 habere
1541 390 1664 460 plus
1705 407 1866 458 quam

169 460 388 517 solacia:
448 463 653 534 respice
705 465 791 516 tot
841 466 1090 533 nepotes,
1150 464 1282 518 duas
1338 463 1493 518 filias.
1583 463 1669 518 dic
1731 463 1866 516 illud

169 555 406 608 quoque,
442 537 665 592 Marcia:
715 536 1006 607 ‘moverer,
1042 538 1090 591 si
1128 541 1269 592 esset
1298 538 1492 609 cuique
1520 537 1739 593 fortuna
1767 555 1865 608 pro

167 611 408 667 moribus
459 615 514 667 et
560 629 854 682 numquam
902 613 1045 666 mala
1088 612 1260 667 bonos
1299 616 1669 683 sequerentur:
1724 630 1868 667 nunc

166 686 323 741 video
374 690 623 758 exempto
675 686 980 742 discrimine
1030 687 1218 742 eodem
1264 687 1426 741 modo
1465 688 1635 742 malos
1674 688 1868 742 bonos-

169 780 273 831 que
311 761 533 816 iactari?
808 822 811 824 ,

316 835 487 891 XVII.
551 834 747 891 ‘Grave
801 840 884 891 est
935 839 1139 905 tamen,
1194 854 1354 905 quem
1408 836 1739 904 educaveris,
1789 835 1867 889 iu-

167 927 384 979 venem,
442 910 551 963 iam
612 911 773 965 matri
832 911 940 964 iam
1001 910 1143 979 patri
1195 909 1521 979 praesidium
1575 927 1638 963 ac
1691 909 1869 978 decus,

169 983 450 1038 amittere?
527 983 646 1054 quis
684 987 850 1056 negat
886 1002 1048 1056 grave
1087 983 1238 1037 esse?
1305 983 1398 1037 sed
1435 983 1732 1037 humanum
1771 986 1868 1036 est.

168 1057 235 1111 ad
272 1058 377 1112 hoc
415 1058 628 1129 genitus
668 1077 750 1129 es,
784 1062 847 1113 ut
876 1058 1147 1129 perderes,
1176 1060 1239 1112 ut
1268 1057 1492 1128 perires,
1520 1061 1584 1112 ut
1613 1075 1868 1128 sperares,

168 1135 457 1203 metueres,
507 1133 641 1187 alios
690 1136 852 1204 teque
896 1132 1248 1204 inquietatos,
1291 1135 1521 1187 mortem
1561 1135 1615 1186 et
1651 1132 1867 1186 timeres

169 1210 223 1260 et
272 1210 485 1277 optares
536 1211 590 1262 et
596 1249 613 1277 ,
663 1209 808 1278 quod
857 1211 940 1262 est
987 1208 1305 1277 pessimum,
1348 1225 1644 1276 numquam
1690 1206 1869 1274 scires,

169 1280 319 1334 cuius
370 1298 512 1335 esses
563 1285 749 1336 status.
826 1282 873 1336 si
913 1282 1032 1351 quis
1072 1279 1362 1351 Syracusas
1401 1279 1607 1350 petenti
1647 1279 1866 1334 diceret:

169 1354 379 1408 ‘omnia
438 1354 803 1425 incommoda,
856 1373 1042 1410 omnes
1094 1355 1401 1424 voluptates
1454 1354 1668 1408 futurae
1720 1373 1867 1424 pere-

169 1429 486 1501 grinationis
547 1432 671 1483 tuae
733 1432 857 1484 ante
918 1447 1203 1501 cognosce,
1273 1429 1462 1483 deinde
1522 1429 1599 1482 ita
1658 1429 1866 1501 naviga.

167 1504 301 1559 haec
340 1507 490 1574 sunt,
536 1523 672 1575 quae
710 1504 894 1559 mirari
931 1504 1128 1575 possis:
1178 1503 1384 1558 videbis
1421 1503 1655 1574 primum
1694 1504 1866 1574 ipsam

169 1579 400 1632 insulam
454 1579 520 1633 ab
573 1577 731 1633 Italia
783 1582 1014 1651 angusto
1075 1578 1436 1633 interscissam
1489 1578 1653 1647 freto,
1707 1596 1866 1646 quam

170 1653 468 1707 continenti
522 1654 793 1723 quondam
847 1654 1148 1709 cohaesisse
1201 1656 1434 1722 constat3
1487 1653 1725 1707 subitum
1770 1652 1866 1705 illo

169 1745 315 1780 mare
353 1727 559 1797 inrupit
597 1731 652 1781 et

587 1813 867 1871 Hesperium
899 1813 1056 1859 Siculo
1088 1814 1213 1859 latus
1246 1813 1462 1858 abscidit.

170 1904 359 1958 deinde
389 1904 595 1959 videbis
627 1903 836 1978 (licebit
866 1906 1009 1959 enim
1034 1905 1136 1959 tibi
1162 1903 1529 1959 avidissimum
1561 1903 1722 1958 maris
1754 1922 1867 1958 ver-

169 1979 331 2033 ticem
360 1978 743 2053 perstringere)
776 1984 998 2035 stratam
1028 1980 1177 2034 illam
1207 1979 1509 2033 fabulosam
1546 1977 1867 2048 Charybdin,

171 2071 332 2123 quam
372 2053 464 2108 diu
502 2055 569 2109 ab
609 2058 791 2109 austro
829 2058 1008 2125 vacat,
1053 2058 1131 2124 at,
1174 2054 1220 2108 si
1259 2053 1388 2124 quid
1426 2053 1550 2107 inde
1588 2053 1868 2107 vehemen-

170 2128 278 2182 tius
329 2128 576 2198 spiravit,
624 2147 822 2200 magno
870 2129 1024 2183 hiatu
1072 2129 1449 2198 profundoque
1497 2127 1713 2199 navigia
1759 2144 1868 2180 sor-

170 2202 400 2256 bentem.
490 2203 695 2256 videbis
753 2202 1231 2256 celebratissimum
1285 2202 1608 2256 carminibus
1661 2201 1867 2254 fontem

171 2275 518 2348 Arethusam,
569 2276 878 2330 nitidissimi
931 2292 993 2330 ac
1041 2275 1302 2345 perlucidi
1352 2275 1417 2327 ad
1467 2275 1636 2328 imum
1675 2273 1869 2344 stagni,

322 2405 382 2451 23
415 2408 542 2466 Very.
567 2408 685 2453 Aen.
710 2408 804 2452 [ΙΙ
827 2411 918 2452 418

321 2494 348 2540 1
379 2495 627 2551 iniquioris
650 2497 697 2543 A
726 2496 743 2557 11
771 2495 802 2541 2
832 2495 1069 2542 desideria
1095 2496 1202 2541 AF
1226 2494 1244 2556 ΙΙ
1272 2493 1302 2539 4
1333 2493 1532 2539 saeviret
1562 2495 1724 2540 Haase
1753 2507 1809 2539 ex
1838 2503 1866 2537 ς

173 2554 394 2603 saeuierit
427 2558 475 2602 A
511 2555 528 2616 ΙΙ
569 2556 629 2602 16
667 2570 791 2602 esses
814 2567 843 2600 ς
880 2569 981 2602 esse
1003 2557 1050 2602 A
1090 2555 1108 2616 ΙΙ
1147 2555 1204 2600 17
1234 2553 1627 2612 peregrinationis
1657 2555 1704 2600 A
1746 2551 1866 2610 (onis

172 2631 207 2662 s.
231 2631 273 2663 v.
298 2615 405 2662 add.
429 2629 551 2662 mam.
575 2618 623 2674 2)
664 2616 681 2677 ΙΙ
721 2615 780 2662 19
817 2616 969 2673 possis
999 2617 1114 2674 voly.
1150 2614 1300 2672 possit
1329 2628 1440 2659 corr.
1466 2614 1519 2658 in
1548 2614 1664 2659 -sint
1692 2613 1820 2657 A¹·²
1846 2610 1866 2670 ΙΙ

171 2675 232 2721 20
263 2674 511 2721 ambitalia
541 2676 606 2734 (m
629 2677 819 2734 punctis
847 2678 1025 2734 notata)
1048 2677 1096 2722 A
1124 2674 1142 2735 ΙΙ
1173 2673 1233 2719 25
1262 2673 1575 2732 perstringere
1606 2672 1866 2717 Pincianus

172 2736 454 2793 restringere
491 2735 538 2780 A
587 2735 592 2795 Ι
644 2734 860 2781 charibdi
902 2748 1088 2793 aquam.
1147 2733 1229 2778 diu
1268 2731 1489 2779 abaustro
1526 2733 1669 2776 uacat
1707 2731 1758 2774 at
1795 2729 1865 2774 A¹

173 2796 355 2852 (ultima
383 2795 521 2841 verba
550 2808 666 2842 corr.
689 2797 743 2841 in
771 2796 957 2840 uacata.
1006 2797 1057 2840 at
1086 2809 1144 2839 m.
1173 2794 1218 2850 5)
1257 2806 1369 2839 corr.
1402 2792 1691 2850 Bonyarsius
1728 2787 1863 2847 (Cha-

172 2853 344 2910 rybdin
374 2855 584 2912 Lipsius)
1323 2856 1326 2858 ’

1900 855 1944 888 10

1899 1225 1942 1258 15

1898 1596 1942 1629 20

1898 1996 1942 2029 25
