2028 3106
327 75 412 120 AD
444 74 766 120 PAVLINVM
796 75 879 121 DE
911 74 1261 120 BREVITATE
1286 74 1473 120 VITAE
1506 74 1634 121 CAP.
1661 78 1687 119 9
1757 77 1865 132 291

166 197 286 252 dico
326 197 420 267 qui
453 198 792 268 prudentiam
822 195 1062 252 iactant?
1137 197 1414 267 operosius
1446 196 1698 267 occupati
1728 199 1870 267 sunt,

166 276 229 326 ut
267 272 456 326 melius
496 272 709 344 possint
746 273 948 341 vivere,
995 270 1248 341 inpendio
1287 272 1430 326 vitae
1467 272 1637 326 vitam
1674 271 1869 326 instru-

165 348 286 401 unt!
363 348 720 420 cogitationes
768 364 891 400 suas
939 346 997 399 in
1040 347 1267 418 longum
1315 347 1587 417 ordinant3
1636 345 1871 400 maxima

165 440 325 492 porro
371 423 514 477 vitae
560 423 767 477 iactura
813 421 1002 474 dilatio
1049 424 1151 475 est:
1197 421 1290 475 illa
1326 422 1561 492 primum
1602 439 1871 491 quemque

111 517 132 551 5
164 497 397 551 extrahit
458 498 624 565 diem,
685 497 781 549 illa
834 495 995 565 eripit
1047 497 1370 566 praesentia,
1431 497 1559 551 dum
1614 495 1872 551 ulteriora

164 573 446 642 promittit.
524 570 819 625 maximum
881 570 1098 624 vivendi
1151 570 1593 641 impedimentum
1649 574 1732 626 est
1784 588 1872 625 ex-

162 648 420 717 pectatio,
478 664 614 716 quae
661 645 859 715 pendet
904 664 970 699 ex
1010 646 1268 714 crastin0,
1315 647 1491 716 perdit
1535 646 1871 701 hodiernum.

164 722 310 791 quod
347 721 406 774 in
446 739 610 774 manu
641 720 890 774 fortunae
920 721 1160 790 positum
1192 723 1298 790 est,
1337 721 1598 791 disponis,
1638 721 1784 791 quod
1813 720 1870 774 in

161 800 278 865 tua,
316 794 558 849 dimittis,
635 813 742 864 quo
783 794 1029 865 spectas?
1105 813 1212 865 quo
1252 799 1306 849 te
1338 795 1614 849 extendis?
1690 794 1872 850 omnia

87 893 130 925 ιο
164 889 301 940 quae
350 872 579 924 ventura
635 873 762 923 sunt
819 871 876 923 in
933 870 1139 924 incerto
1190 870 1390 925 iacent:
1439 870 1684 940 protinus
1734 871 1870 926 vive.

162 946 363 1000 clamat
411 962 534 999 ecce
584 945 851 999 maximus
903 948 1050 999 vates
1102 949 1157 1000 et
1205 946 1355 999 velut
1401 945 1582 999 divino
1631 964 1742 1017 ore,
1793 946 1871 1000 in-
1901 962 1928 1003 2

160 1020 363 1075 stinctu
400 1020 632 1074 salutare
672 1038 887 1074 carmen
924 1021 1092 1075 canit:

399 1123 582 1180 optima
613 1136 830 1180 quaeque
862 1123 962 1168 dies
994 1124 1177 1168 miseris
1208 1122 1489 1168 mortalibus
1522 1122 1626 1167 aevi

399 1183 556 1239 primii
587 1181 724 1240 fugit.

86 1295 128 1329 1⁵
162 1274 311 1343 ‘quid
334 1274 603 1329 cunctaris
613 1274 660 1327 ‘P'
684 1275 862 1344 inquit
886 1275 1035 1345 ‘quid
1051 1275 1264 1330 cessas?
1301 1275 1408 1329 nisi
1433 1292 1681 1345 occupas,
1696 1273 1872 1346 fugit?

160 1353 216 1403 et
245 1366 370 1403 cum
400 1349 769 1419 occupaveris,
799 1353 982 1404 tamen
1012 1350 1207 1422 fugiet:
1246 1349 1431 1420 itaque
1455 1367 1578 1403 cum
1602 1349 1874 1404 celeritate

160 1424 420 1494 temporis
467 1425 654 1479 utendi
699 1425 984 1479 velocitate
1032 1425 1346 1480 certandum
1393 1427 1475 1479 est
1521 1427 1575 1478 et
1619 1425 1770 1478 velut
1806 1443 1873 1479 ex

158 1500 387 1554 torrenti
416 1500 606 1570 rapido
638 1518 738 1554 nec
768 1519 981 1570 semper
1011 1501 1154 1554 ituro
1187 1500 1296 1554 cito
1328 1499 1697 1554 hauriendum.
1764 1498 1872 1554 hoc
1902 1515 1929 1556 3

160 1592 375 1644 quoque
424 1575 785 1646 pulcherrime
824 1575 892 1629 ad
931 1575 1360 1645 exprobrandam
1406 1574 1674 1628 infinitam
1715 1592 1872 1630 cunc·

83 1670 128 1704 so
158 1649 441 1719 tationem,
490 1651 635 1720 quod
680 1669 792 1704 non
839 1651 1102 1721 optimam
1149 1668 1418 1719 quamque
1465 1652 1738 1704 aetatem
1779 1650 1873 1704 sed

158 1723 324 1778 diem
370 1725 514 1779 dicit.
592 1726 723 1795 quid
761 1743 980 1780 securus
1020 1728 1074 1779 et
1111 1726 1170 1778 in
1207 1728 1360 1779 tanta
1396 1727 1703 1795 temporum
1741 1724 1873 1797 fuga

156 1799 337 1853 lentus
391 1818 601 1853 menses
655 1801 755 1854 tibi
810 1804 865 1855 et
918 1819 1087 1854 annos
1142 1800 1201 1854 in
1248 1800 1470 1871 longam
1521 1801 1736 1871 seriem,
1789 1803 1873 1854 ut-

159 1891 391 1946 cumque
436 1874 684 1928 aviditati
730 1879 854 1930 tuae
900 1876 1078 1930 visum
1117 1878 1223 1945 est,
1269 1874 1607 1946 exporrigis?
1682 1875 1748 1929 de
1787 1874 1872 1929 die

157 1951 339 2004 tecum
375 1950 622 2021 loquitur
659 1953 714 2004 et
752 1951 817 2004 de
855 1950 961 2005 hoc
999 1951 1119 2021 ipso
1159 1950 1415 2022 fugiente.
1477 1968 1608 2004 num
1648 1950 1871 2005 dubium
1901 1967 1931 2008 4

84 2044 127 2079 ss
159 2026 242 2078 est
277 2042 430 2097 ergo,
470 2026 605 2096 quin
644 2025 849 2095 optima
887 2043 1131 2096 quaeque
1170 2026 1345 2095 prima
1383 2025 1495 2079 dies
1527 2025 1703 2097 fugiat
1733 2043 1872 2080 mor-

159 2099 357 2154 talibus
420 2101 657 2171 miseris,
717 2100 773 2154 id
826 2104 908 2155 est
962 2100 1276 2171 occupatis?
1364 2118 1594 2171 quorum
1647 2101 1870 2172 puerilis

319 2263 378 2308 18
409 2264 536 2323 Verq.
565 2263 729 2323 Geory.
755 2265 842 2309 111
871 2267 930 2308 66
941 2278 1004 2321 sq.
1030 2264 1114 2319 cfr.
1139 2265 1267 2322 epist.
1294 2269 1396 2321 108,
1418 2268 1480 2311 24

161 2384 231 2428 pt.
256 2369 318 2414 ise
343 2369 569 2416 Schultess
599 2369 821 2415 Potestne
854 2370 1107 2427 quicquam
1136 2383 1297 2415 sensus
1321 2370 1605 2417 inluminare
1628 2371 1872 2417 hominum

161 2435 240 2475 etc.
265 2429 369 2475 Joh.
389 2430 564 2476 Muller
593 2429 816 2475 Potestne
851 2429 1102 2486 quicquam
1128 2443 1267 2475 sensu
1290 2430 1554 2488 hominum,
1579 2445 1741 2477 eorum
1765 2431 1871 2478 dico

162 2488 246 2594 (1ιαί
283 2503 353 2547 pr.
386 2488 434 2543 i.,
467 2489 787 2547 <perversius
831 2493 1020 2545 esse?>
1068 2490 1309 2547 operosius
1352 2497 1431 2537 etc.
1476 2506 1556 2550 eqo
1598 2493 1816 2550 temptavi
1854 2491 1872 2553 ΙΙ

203 2563 267 2607 sq.
311 2548 368 2594 de
407 2549 774 2606 interpunctione
815 2550 920 2595 vide
963 2549 1198 2596 Gertzium
1243 2552 1296 2596 in
1340 2551 1460 2598 stud.
1505 2553 1606 2598 crit.
1646 2566 1694 2610 p.
1732 2555 1818 2598 153
1854 2559 1873 2606 ΙΙ

165 2608 190 2654 7
221 2607 382 2667 perdit
403 2619 433 2653 s·
462 2609 621 2679 perdis
644 2611 690 2656 A
719 2611 737 2669 ΙΙ
768 2610 824 2655 11
858 2623 937 2655 ore
970 2609 1219 2655 instinctus
1242 2612 1288 2657 A
1320 2611 1422 2669 (cfr.
1447 2612 1560 2657 dial.
1586 2611 1669 2657 IX
1697 2616 1770 2668 17,
1795 2614 1869 2670 11)

163 2667 319 2714 furore
362 2668 614 2714 instinctus
651 2671 811 2717 Muret
853 2670 1083 2715 diviniore
1124 2670 1353 2716 instinctu
1388 2672 1547 2731 Pauly
1588 2685 1667 2717 ore
1710 2673 1758 2718 et
1798 2672 1871 2718 in-

163 2729 342 2774 stinctu
375 2728 514 2775 Gertz
541 2730 559 2788 ΙΙ
597 2729 654 2775 19
684 2729 1034 2776 cunctationem
1060 2730 1199 2776 Gertz
1228 2731 1327 2777 coll.
1352 2732 1480 2789 epist.
1510 2734 1583 2787 45,
1608 2736 1666 2778 13
1697 2745 1870 2792 cogna-

163 2789 339 2834 tionem
357 2790 403 2835 A
428 2789 740 2847 agitationem
759 2790 960 2849 Madvig]
983 2790 1321 2848 cogitationem
1344 2791 1460 2861 volq.
1484 2791 1501 2851 ΙΙ
1522 2791 1582 2837 22
1605 2792 1654 2837 in
1678 2791 1869 2862 longam

166 2848 303 2894 Gens
345 2848 383 2894 δι
413 2847 605 2919 longam
639 2852 686 2896 A
722 2852 740 2911 ΙΙ
779 2849 839 2895 25
877 2850 1060 2908 optima
1099 2863 1314 2908 quaeque
1352 2865 1508 2910 pruna
1540 2851 1677 2899 Geren
1714 2866 1870 2911 pruna

164 2921 380 2967 quaeque
410 2910 593 2968 optima
616 2911 663 2957 A

1426 3003 1509 3046 19·
