2034 3086
135 195 157 234 1

193 60 227 113 6
545 57 595 101 L.
621 55 858 100 ANNAEI
888 54 1163 100 SENECAE
1195 55 1352 100 DIAL.
1378 55 1490 100 LIB.
1514 56 1548 102 Ι.

343 178 438 233 ΠΙ.
473 178 579 233 Sed
616 178 724 231 iam
762 178 1086 247 procedente
1118 178 1359 231 oratione
1390 178 1695 249 ostendam,
1734 198 1894 249 quam

192 273 305 309 non
359 254 469 308 sint
523 272 657 323 quae
706 252 958 306 videntur
1008 253 1173 305 111313·
1222 270 1367 306 1111113
1415 253 1550 306 illud
1601 254 1744 324 dico,
1793 255 1898 309 ista

195 347 333 399 quae
384 333 446 382 tu
492 345 650 382 vocas
702 345 913 396 aspera,
967 345 1103 396 quae
1154 327 1376 381 adversa
1425 331 1479 381 et
1524 327 1898 415 abominanda,

193 404 429 489 primum
455 420 551 472 pro
584 402 715 471 ipsis
749 419 864 455 esse
898 402 1092 470 quibus
1126 401 1400 471 accidunt,
1430 401 1620 456 deinde
1651 421 1749 472 pro
1781 405 1898 458 uni-

194 478 388 546 versis,
435 495 662 546 quorum
706 476 879 530 maior
917 476 1017 529 diis
1058 493 1186 529 cura
1224 494 1386 545 quam
1426 477 1762 548 singulorum
1802 483 1900 548 est,

194 557 321 622 post
366 552 469 605 hoc
507 550 814 605 volentibus
855 550 1093 605 accidere
1132 568 1194 604 ac
1232 550 1424 621 dignos
1472 553 1616 605 malo
1665 569 1803 622 esse,
1852 553 1899 607 si

193 627 384 680 nolint.
468 625 553 679 his
609 625 835 678 adiciam
885 625 998 679 fato
1052 625 1157 679 ista
1206 624 1283 678 sic
1332 625 1409 678 ire
1457 628 1512 679 et
1557 627 1740 680 eadem
1778 628 1899 698 lege

194 701 349 754 bonis
395 700 606 753 evenire
647 718 753 768 qua
791 703 919 753 sunt
957 700 1100 753 boni.
1176 699 1509 768 persuadebo
1550 701 1740 754 deinde
1777 702 1902 771 tibi,

192 793 261 830 ne
310 792 551 844 unquam
602 774 731 828 boni
782 774 886 827 viri
936 773 1258 843 miserearis3
1312 777 1493 843 potest
1543 776 1686 828 enim
1737 776 1900 830 miser

194 850 323 919 dici,
360 868 472 903 non
508 852 690 919 potest
728 866 856 902 3333.

342 923 741 978 Difficillimum
793 943 859 978 ex
905 923 1156 977 omnibus
1207 941 1343 993 quae
1390 924 1650 994 proposui
1687 925 1901 980 videtur

195 999 340 1068 quod
389 999 626 1069 primum
676 999 810 1069 dixi,
872 1017 971 1069 pro
1031 999 1163 1068 ipsis
1214 1016 1328 1052 3333
1388 999 1582 1084 quibus
1645 1001 1901 1054 eveniunt

192 1074 299 1128 ista
338 1092 475 1143 quae
516 1074 797 1128 horremus
829 1091 891 1127 33
921 1074 1218 1127 1131111111113.
1274 1072 1392 1143 ‘pro
1423 1073 1556 1142 ipsis
1589 1074 1688 1128 est'
1719 1075 1899 1144 inquis

195 1149 271 1202 in
317 1149 536 1202 exilium
584 1149 777 1218 proici,
823 1149 880 1201 in
936 1151 1230 1219 egestatem
1270 1148 1484 1217 deduci,
1531 1148 1730 1204 liberos
1777 1167 1900 1204 con-

193 1223 375 1294 iugem
423 1223 644 1292 ecferre,
682 1223 980 1294 ignominia
1018 1223 1187 1292 affici,
1226 1222 1548 1276 debilitari?
1607 1224 1653 1277 31
1690 1224 1899 1278 miraris

192 1298 326 1351 11333
364 1315 463 1367 pro
503 1297 685 1366 aliquo
726 1315 864 1367 esse,
901 1297 1180 1351 miraberis
1214 1297 1474 1367 quosdam
1508 1298 1651 1352 ferro
1692 1302 1746 1353 et
1775 1299 1900 1370 igne

195 1372 371 1426 curari
415 1390 516 1426 nec
566 1372 744 1426 minus
784 1372 924 1425 fame
965 1390 1027 1426 ac
1067 1372 1170 1426 siti.
1233 1371 1340 1426 sed
1380 1372 1426 1426 31
1465 1373 1786 1443 cogitaveris
1825 1377 1901 1427 te-

194 1465 318 1501 cum
365 1446 590 1500 remedii
633 1464 792 1501 causa
838 1446 1160 1520 quibusdam
1201 1450 1255 1500 et
1290 1446 1407 1500 radi
1447 1464 1569 1500 ossa
1607 1450 1662 1501 et
1698 1448 1808 1519 legi
1847 1451 1902 1501 et

196 1521 406 1575 extrahi
441 1539 603 1574 venas
644 1525 698 1574 et
736 1521 998 1590 quaedam
1039 1520 1306 1591 amputari
1344 1521 1586 1574 membra
1618 1539 1753 1590 quae
1786 1522 1901 1576 sine

195 1595 363 1649 totius
395 1595 632 1665 pernicie
665 1596 903 1665 corporis
935 1595 1154 1649 haerere
1183 1613 1295 1649 non
1325 1598 1598 1665 poterant,
1635 1596 1740 1650 hoc
1771 1614 1902 1665 quo-

196 1688 299 1740 que
338 1670 558 1740 patieris
597 1670 813 1740 probari
858 1670 961 1723 tibi
1013 1671 1273 1739 quaedam
1319 1669 1663 1725 incommoda
1708 1690 1807 1741 pro
1856 1672 1901 1724 is

197 1763 312 1798 3333
351 1745 548 1814 quibus
588 1745 860 1814 accidunt,
898 1748 1011 1798 tam
1051 1764 1136 1798 me
1166 1745 1412 1799 hercules
1445 1764 1608 1815 quam
1641 1745 1903 1815 quaedam

199 1837 334 1889 quae
372 1819 664 1873 laudantur
702 1823 862 1888 atque
894 1823 1225 1890 appetuntur
1263 1823 1451 1874 3311113
1489 1838 1580 1874 333
1621 1838 1735 1875 3333
1768 1838 1902 1890 31133

197 1894 622 1964 delectaverunt,
662 1894 936 1948 simillima
974 1894 1329 1948 cruditatibus
1362 1894 1818 1965 ebrietatibusque
1850 1898 1903 1949 et

198 1968 386 2023 ceteris
428 1987 565 2039 quae
603 1972 798 2023 necant
836 1987 933 2039 per
962 1970 1314 2039 voluptatem.
1368 1969 1510 2023 inter
1547 1971 1720 2024 multa
1756 1988 1903 2041 mag-

196 2043 358 2099 nifica
394 2042 638 2098 Demetri
688 2044 859 2098 nostri
910 2046 965 2097 et
1002 2043 1137 2098 11333
1185 2062 1293 2097 vox
1333 2047 1439 2113 est,
1493 2064 1524 2097 a
1564 2063 1670 2113 qua
1717 2062 1901 2098 recens

198 2136 341 2188 sum3
392 2121 549 2172 sonat
599 2118 775 2172 adhuc
829 2121 883 2172 et
919 2118 1098 2171 vibrat
1146 2118 1205 2172 in
1255 2118 1475 2172 auribus
1526 2118 1680 2172 meis:
1727 2118 1903 2172 ‘nihil’

197 2192 375 2263 inquit
425 2193 580 2246 ‘mihi
626 2194 839 2247 videtur
887 2192 1155 2247 infelicius
1203 2211 1291 2262 e0‚
1342 2193 1429 2247 cui
1477 2193 1615 2247 nihil
1662 2212 1902 2262 unquam

198 2268 376 2321 evenit
426 2267 669 2321 adversi?
745 2285 856 2321 non
903 2267 1057 2320 licuit
1109 2267 1252 2321 enim
1299 2268 1382 2321 illi
1427 2283 1483 2321 se
1523 2268 1764 2337 experiri.
1842 2272 1905 2321 ut

347 2457 378 2502 3
406 2459 618 2514 verbaq
586 2471 677 2517 3113
722 2457 922 2502 aduersa
966 2458 1015 2501 et
1059 2456 1409 2501 abhominanda
1445 2471 1530 2502 om.
1562 2457 1633 2502 Al
1671 2458 1723 2501 in
1760 2471 1901 2514 711319

198 2517 306 2562 add.
340 2516 411 2562 A²
438 2516 455 2577 Η
487 2518 510 2562 7
542 2515 642 2561 fato
674 2517 769 2561 ista
802 2517 869 2561 313
900 2516 968 2561 113
1001 2518 1049 2561 31
1073 2517 1273 2586 Μαᾴυιῃ
1294 2516 1394 2561 fato
1426 2517 1520 2561 ista
1545 2516 1613 2561 313
1639 2516 1680 2573 ej
1708 2517 1834 2575 13313
1857 2517 1902 2561 A

198 2575 299 2621 fato
330 2577 426 2621 ista
457 2577 524 2621 sic
553 2575 746 2622 iubente
778 2577 1005 2622 Schultess
1035 2575 1135 2620 fato
1166 2576 1260 2620 ista
1286 2577 1353 2621 313
1378 2578 1426 2621 31
1449 2578 1576 2621 13313
1601 2576 1867 2633 Petscheniy
1887 2575 1904 2634 ΙΙ

199 2634 260 2681 14
281 2636 578 2681 ineiestatem
602 2637 648 2681 A
679 2636 695 2696 Η
725 2636 784 2681 15
816 2634 991 2680 ecferre
1015 2637 1303 2693 Bonyarsius
1333 2636 1365 2679 h
1396 2650 1421 2680 c
1451 2635 1573 2680 ferre
1598 2636 1644 2680 A
1660 2635 1689 2704 Η
1719 2634 1776 2679 18
1801 2635 1902 2704 qui-

198 2694 390 2765 busdass
422 2697 470 2740 31
505 2697 606 2753 (sub
636 2710 728 2741 ras.
761 2696 825 2753 m)
857 2696 904 2741 A
950 2694 967 2755 ΙΙ
1012 2694 1072 2740 20
1110 2695 1271 2740 1131313
1304 2649 1393 2799 Aj
1430 2695 1488 2740 21
1527 2709 1613 2752 pro
1656 2695 1696 2739 13
1739 2696 1903 2751 scripsi

200 2756 303 2812 (pro
334 2754 394 2800 113
407 2756 707 2840 Wesenberg)
739 2769 824 2813 pro
856 2755 931 2799 his
956 2755 1002 2800 A
1033 2769 1117 2811 pro
1149 2755 1216 2799 313
1248 2766 1276 2799 ς
1305 2755 1379 2815 112
1437 2757 1610 2800 necant
1640 2768 1695 2800 ex
1725 2755 1903 2811 negant

198 2828 314 2861 corr
353 2814 423 2860 A1
462 2817 633 2860 nocent
675 2817 868 2861 Wolters
918 2814 923 2872 Ι
968 2814 1263 2871 uoluptatem
1306 2829 1420 2860 corr.
1461 2829 1518 2860 ex
1557 2814 1742 2860 uolunt-
1777 2813 1848 2859 A²
1886 2813 1903 2872 ΙΙ

198 2873 258 2918 28
291 2888 345 2919 33
377 2888 491 2921 corr.
518 2889 574 2920 ex
605 2875 648 2920 ei
672 2876 798 2920 111-2
828 2875 846 2934 ΙΙ
875 2873 935 2919 29
965 2873 1074 2934 illis]
1100 2876 1138 2932 (s
1169 2876 1252 2920 sub
1282 2876 1394 2932 ras.)
1420 2875 1465 2919 A

1932 869 1974 900 10

1933 1242 1974 1274 15

1934 1615 1977 1646 20

1934 1987 1976 2020 25
