2034 3086
163 37 236 91 24
502 34 552 79 L.
578 32 816 77 ANNAEI
846 31 1121 77 SENECAE
1152 32 1311 78 DIAL.
1337 33 1449 78 LIB.
1475 33 1532 78 H.

166 156 344 210 animo
383 156 644 224 laturum,
682 155 893 208 nullum
924 154 1087 208 habet
1117 155 1486 226 privilegium,
1523 155 1752 226 contigit
1788 155 1870 208 illi

164 248 247 285 res
271 231 510 302 vulgaris
535 234 588 283 et
620 249 756 300 quae
786 229 1010 283 discitur
1038 229 1157 298 ipsa
1190 229 1506 283 iniuriarum
1546 230 1871 299 assiduitate,

164 305 439 376 patientia,
462 305 508 358 si
538 322 702 376 negas
735 307 1079 374 accepturum
1103 304 1372 374 iniuriam,
1400 304 1456 357 id
1489 307 1571 358 est
1600 306 1870 358 neminem

163 381 245 434 illi
275 383 666 450 temptaturum
690 379 880 448 facere,
911 379 1159 433 omnibus
1183 379 1383 433 relictis
1407 379 1639 451 negotiis
1657 378 1870 434 Stoicus

164 455 274 509 fio?
350 473 450 526 ego
489 473 616 508 vero
665 455 959 525 sapientem
1009 472 1122 507 non
1158 454 1476 526 imaginario
1515 454 1720 508 honore
1757 473 1871 508 ver-

164 531 356 584 borum
412 548 668 584 exornare
722 529 1002 598 constitui,
1056 528 1148 582 sed
1202 548 1264 583 eo
1325 530 1448 583 loco
1506 547 1705 598 ponere
1762 548 1870 599 quo

163 605 315 658 nulla
363 605 706 674 permittatur
754 604 963 657 iniuria.
1005 602 1153 673 ‘quid
1200 603 1366 676 ergo?
1439 622 1599 657 nemo
1639 604 1740 658 erit
1778 604 1873 674 qui

164 681 414 750 lacessat,
467 681 561 750 qui
612 678 895 750 temptet?
968 678 1107 732 nihil
1159 679 1218 732 in
1269 697 1447 732 rerum
1507 681 1701 732 natura
1759 682 1872 733 tam

166 772 376 809 sacrum
431 759 534 825 est,
588 755 734 825 quod
789 754 1109 826 sacrilegum
1162 772 1274 808 non
1318 753 1580 823 inveniat,
1633 753 1725 807 sed
1761 772 1874 807 non

165 829 284 884 ideo
340 830 522 883 divina
574 831 753 885 minus
804 830 862 883 in
915 829 1134 883 sublimi
1180 831 1330 899 sunt,
1375 829 1422 883 si
1468 829 1734 883 exsistunt
1779 829 1874 898 qui

165 904 591 975 magnitudinem
641 906 875 957 multum
931 905 1075 957 ultra
1128 922 1185 957 se
1238 903 1472 973 positam
1516 922 1629 957 non
1677 904 1874 957 tacturi

166 982 443 1049 appetant3
489 979 876 1031 invulnerabile
923 981 1004 1030 est
1048 996 1160 1030 non
1199 979 1344 1047 quod
1381 997 1494 1032 non
1530 979 1744 1048 feritur,
1781 978 1874 1032 sed

167 1053 311 1123 quod
365 1072 478 1106 non
529 1053 782 1106 laeditur:
837 1070 904 1104 ex
956 1051 1059 1105 hac
1111 1052 1211 1105 tibi
1263 1055 1394 1105 nota
1447 1054 1741 1122 sapientem
1788 1071 1874 1106 ex-

164 1128 375 1182 hibebo.
451 1128 698 1197 nunquid
749 1127 972 1180 dubium
1016 1129 1126 1195 est,
1177 1127 1309 1196 quin
1347 1127 1543 1181 certius
1589 1129 1754 1181 robur
1805 1128 1875 1182 sit

166 1203 311 1273 quod
364 1222 476 1256 non
529 1203 764 1257 vincitur
817 1220 978 1271 quam
1034 1201 1178 1271 quod
1231 1220 1344 1255 non
1395 1201 1697 1272 lacessitur,
1750 1220 1874 1256 cum

166 1278 357 1331 dubiae
405 1278 513 1331 sint
551 1278 690 1331 vires
737 1278 1070 1346 inexpertae,
1120 1279 1175 1330 at
1221 1277 1412 1330 merito
1453 1276 1750 1331 certissima
1787 1276 1874 1329 fir-

166 1353 323 1405 mitas
374 1352 657 1421 habeatur,
708 1371 843 1421 quae
891 1352 1064 1405 omnis
1103 1352 1349 1406 incursus
1380 1351 1623 1422 respuit?
1698 1351 1775 1405 sic
1812 1354 1874 1404 tu

167 1427 461 1497 sapientem
510 1427 746 1480 melioris
795 1426 933 1491 scito·
970 1444 1084 1480 esse
1122 1430 1367 1497 naturae,
1405 1427 1452 1481 si
1488 1427 1640 1480 nulla
1676 1426 1759 1480 illi
1796 1426 1875 1479 in-

166 1503 304 1556 iuria
340 1506 524 1572 nocet,
563 1521 725 1572 quam
766 1501 812 1555 si
849 1502 1000 1555 nulIa
1037 1502 1114 1556 fit.
1192 1505 1244 1556 et
1282 1503 1438 1556 illum
1477 1502 1674 1556 fortem
1697 1502 1873 1555 virum

167 1577 365 1647 dicam,
411 1596 571 1647 quem
618 1577 761 1631 bella
798 1594 910 1629 non
949 1577 1207 1649 subigunt
1258 1595 1357 1631 nec
1395 1577 1612 1630 admota
1649 1578 1730 1630 vis
1779 1576 1875 1629 ho-

167 1652 304 1705 stilis
356 1656 608 1722 exterret,
645 1671 758 1706 non
796 1651 883 1705 cui
921 1652 1122 1724 pingue
1162 1652 1333 1706 otium
1373 1654 1454 1706 est
1491 1651 1632 1704 inter
1669 1650 1874 1704 desides

165 1727 413 1797 populos.
451 1727 557 1781 hoc
594 1728 762 1799 igitur
800 1726 919 1780 dico
929 1767 945 1796 ,
982 1727 1277 1796 sapientem
1315 1727 1454 1780 nulli
1497 1744 1612 1780 esse
1650 1725 1875 1779 iniuriae

168 1801 485 1870 obnoxium3
523 1802 705 1871 itaque
734 1820 846 1855 non
875 1801 1059 1872 refert,
1099 1821 1260 1872 quam
1291 1803 1464 1856 multa
1493 1801 1552 1854 in
1580 1801 1736 1854 illum
1768 1800 1875 1854 coi-

169 1876 380 1937 ciantur
416 1877 548 1944 tela,
586 1895 710 1930 cum
749 1877 820 1930 sit
857 1876 996 1930 nulli
1024 1877 1383 1946 penetrabilis.
1439 1875 1711 1947 quomodo
1745 1893 1874 1945 quo-

167 1950 395 2004 rundam
444 1951 687 2020 lapidum
736 1951 1168 2024 inexpugnabilis
1211 1952 1352 2006 ferro
1407 1951 1606 2005 duritia
1658 1954 1739 2005 est
1774 1968 1874 2004 nec

168 2026 337 2080 secari
392 2025 607 2079 adamas
662 2029 755 2079 aut
804 2026 954 2081 caedi
991 2027 1079 2080 vel
1133 2026 1300 2081 deteri
1349 2029 1529 2097 potest
1567 2026 1660 2079 sed
1698 2026 1874 2079 incur-

167 2100 340 2154 rentia
392 2102 536 2154 ultro
606 2101 865 2170 retundit,
926 2101 1378 2171 quemadmodum
1433 2100 1694 2171 quaedam
1763 2118 1875 2153 non

169 2178 396 2244 possunt
441 2177 568 2247 igne
614 2176 859 2229 consumi
897 2176 990 2230 sed
1020 2176 1239 2230 flamma
1277 2175 1602 2230 circumfusa
1639 2175 1874 2246 rigorem

170 2267 326 2303 suum
365 2250 719 2320 habitumque
765 2254 1107 2320 conservant,
1145 2249 1598 2321 quemadmodum
1647 2249 1875 2320 proiecti

171 2325 388 2393 quidam
435 2325 493 2379 in
539 2326 710 2378 altum
757 2326 966 2393 scopuli
1004 2344 1150 2379 mare
1188 2326 1446 2396 frangunt
1482 2343 1583 2379 nec
1619 2324 1726 2394 ipsi
1762 2323 1876 2376 ulla

170 2399 420 2452 saevitiae
458 2400 686 2471 vestigia
737 2401 821 2451 tot
857 2400 1122 2454 verberati
1175 2399 1401 2453 saeculis
1455 2401 1749 2453 ostentant:
1798 2396 1875 2449 ita

170 2473 426 2543 sapientis
472 2475 682 2528 animus
729 2473 932 2528 solidus
979 2478 1060 2527 est
1105 2477 1158 2528 et
1191 2474 1248 2527 id
1285 2474 1493 2528 roboris
1534 2471 1776 2543 collegit,
1813 2474 1875 2523 ut

168 2551 281 2601 tam
319 2550 470 2602 tutus
510 2549 580 2602 sit
618 2550 684 2603 ab
722 2547 919 2602 iniuria
958 2567 1119 2617 quam
1156 2550 1252 2603 illa
1291 2567 1427 2619 quae
1465 2546 1665 2602 rettuli.

318 2679 348 2725 8
377 2679 600 2733 lacessiat
622 2681 668 2725 A
705 2681 722 2741 ΙΙ
759 2679 816 2726 11
844 2679 1034 2739 sssacturi
1056 2681 1103 2726 A
1142 2682 1181 2739 (t
1211 2681 1346 2738 eras.)
1382 2680 1400 2741 ΙΙ
1435 2679 1496 2725 2⁰
1534 2678 1727 2723 admota
1756 2691 1870 2724 corr.

170 2755 227 2785 ex
268 2741 429 2785 amota
460 2738 532 2785 A·
570 2739 587 2800 ΙΙ
627 2739 687 2785 26
726 2740 922 2785 adamas
965 2741 1053 2792 aut,
1089 2741 1142 2786 in
1182 2755 1275 2787 ras.
1306 2740 1378 2786 A⁶
1417 2739 1435 2800 ΙΙ
1478 2737 1537 2783 27
1576 2743 1621 2783 et
1656 2736 1716 2782 29
1760 2751 1872 2795 que-

170 2800 392 2845 mamodfi
426 2799 497 2845 A¹
535 2813 650 2845 corr.
683 2800 753 2845 A³
792 2799 809 2860 ΙΙ
849 2798 907 2844 31
948 2799 1119 2857 seuitia
1152 2800 1223 2846 A¹
1263 2814 1377 2846 corr.
1410 2797 1481 2844 A'
1519 2797 1536 2858 ΙΙ
1579 2796 1640 2842 82
1682 2796 1873 2855 collegit

170 2861 284 2917 voly.
319 2859 502 2917 colligit
520 2859 566 2904 A
596 2858 613 2918 ΙΙ
642 2857 702 2903 33
732 2858 904 2919 relstuli
935 2861 1067 2916 (eras.
1091 2860 1129 2917 t)
1153 2860 1201 2904 A

1905 845 1949 878 10

1907 1217 1948 1251 15

1906 1593 1950 1626 2⁰

1906 1966 1949 2000 25
