2034 3086
599 10 682 56 DE
711 10 1135 57 PROVIDENTIA
1167 11 1295 57 GAP.
1322 18 1349 58 3
1797 18 1826 70 7

122 154 191 190 ex
211 137 341 188 voto
363 133 447 188 illi
476 133 733 187 fluxerint
763 134 968 204 omnia,
996 138 1060 189 ut
1090 138 1215 188 ante
1238 138 1452 205 votum,
1482 136 1623 191 male
1645 139 1830 191 tamen

122 210 190 264 de
240 209 337 263 illo
390 208 467 262 dii
526 208 920 263 indicaverunt:
981 209 1236 281 indignus
1289 210 1437 264 visus
1501 214 1583 265 est
1637 231 1669 265 a
1720 230 1827 281 quo

120 284 425 338 vinceretur
452 283 742 352 aliquando
773 283 1015 352 fortuna,
1046 302 1182 354 quae
1206 285 1616 356 ignavissimum
1645 304 1829 356 quem·

122 376 228 428 que
255 358 481 430 refugit,
519 358 674 428 quasi
702 357 869 412 dicat:
908 358 1055 428 ‘quid
1087 377 1188 431 ego
1220 359 1387 413 istum
1419 360 1554 414 mihi
1585 361 1829 415 adversa-

71 452 94 486 s
118 433 260 487 rium
298 431 615 487 adsumam?
669 433 854 486 statim
894 451 1044 487 arma
1080 433 1387 504 submittet3
1424 453 1537 489 non
1575 453 1712 505 opus
1745 440 1829 490 est

47 825 92 859 10

119 508 178 562 in
213 508 370 562 illum
408 510 527 562 tota
555 507 801 578 potentia
830 526 974 578 mea,
1009 508 1118 563 levi
1149 509 1550 564 conminatione
1580 511 1829 580 pelletur,

118 600 231 637 non
293 585 476 653 potent
538 582 803 636 sustinere
855 583 1069 636 vultum
1123 602 1319 638 meum.
1411 584 1549 638 alius
1603 585 1828 639 circum-

119 657 379 727 spiciatur
426 674 550 711 cum
602 675 710 727 quo
761 657 1003 711 conferre
1051 658 1323 729 possimus
1370 678 1615 745 manum3
1660 659 1830 729 pudet

118 732 376 804 congredi
398 749 521 786 cum
545 731 765 786 homine
787 731 933 787 vinci
963 733 1188 803 parato?
1242 734 1598 805 ignominiam
1625 734 1830 789 iudicat
1860 749 1887 788 4

118 807 388 893 gladiator
424 825 548 862 cum
579 807 831 862 inferiore
863 809 1117 878 componi
1148 812 1203 862 et
1233 809 1337 863 scit
1359 828 1483 863 eum
1508 810 1624 864 eine
1654 810 1829 882 gloria

118 882 286 952 vinci,
334 882 430 953 qui
475 882 590 937 sine
629 883 869 953 periculo
909 883 1159 937 vincitur.
1236 884 1378 938 idem
1416 884 1550 939 facit
1587 885 1828 939 fortuna:

118 957 443 1012 fortissimos
481 957 587 1011 eibi
616 976 772 1029 pares
805 958 1038 1028 quaerit,
1076 959 1338 1029 quosdam
1369 960 1587 1014 fastidio
1618 960 1828 1015 transit.

119 1033 652 1087 contumacissimam
692 1051 961 1103 quemque
1001 1037 1055 1087 et
1091 1034 1454 1088 rectissimum
1501 1035 1830 1107 aggreditur,

118 1107 373 1162 adversus
412 1126 573 1178 quem
597 1108 709 1162 vim
748 1126 901 1162 suam
940 1108 1207 1163 intendat:
1245 1109 1427 1180 ignem
1460 1111 1735 1180 experitur
1771 1112 1830 1164 in

117 1180 323 1251 Mucio,
370 1186 745 1253 paupertatem
805 1184 864 1237 in
901 1182 1174 1253 Fabricio,
1224 1184 1445 1238 exilium
1497 1185 1555 1238 in
1605 1183 1830 1254 Rutilio,

117 1260 390 1312 tormenta
438 1258 497 1311 in
535 1256 771 1329 Regulo,
808 1276 1076 1312 venenum
1122 1259 1180 1312 in
1219 1257 1463 1329 Socrate,
1501 1259 1733 1314 mortem
1772 1258 1831 1314 in

118 1330 336 1387 Catone.
423 1350 681 1403 magnum
732 1333 1039 1403 exemplum
1088 1333 1197 1387 nisi
1254 1335 1397 1395 mala
1445 1334 1666 1388 fortuna
1718 1353 1830 1389 non

119 1407 338 1461 invenit.
392 1407 582 1462 infelix
620 1411 703 1461 est
731 1407 967 1477 Mucius,
1006 1409 1152 1477 quod
1183 1409 1372 1463 dextra
1402 1409 1555 1480 ignes
1587 1409 1827 1463 hostium
1861 1424 1888 1463 5

118 1481 317 1551 premit
364 1485 420 1536 et
466 1482 583 1552 ipse
621 1501 654 1535 a
692 1501 749 1536 ee
788 1483 958 1554 exigit
1003 1483 1198 1537 erroris
1245 1483 1331 1537 sui
1368 1483 1607 1553 poenas?
1683 1485 1829 1554 quod

117 1573 324 1627 regem,
362 1574 523 1626 quem
563 1561 770 1612 armata
808 1576 972 1612 manu
1010 1576 1122 1611 non
1159 1558 1363 1628 potuit,
1410 1562 1599 1613 exusta
1636 1559 1828 1631 fugat?

118 1630 249 1700 quid
298 1631 465 1703 ergo?
539 1632 751 1687 felicior
798 1636 964 1702 esset,
1013 1633 1060 1686 si
1109 1632 1167 1686 in
1212 1632 1334 1687 sinu
1379 1634 1582 1688 amicae
1620 1634 1830 1688 foveret

119 1705 377 1760 manum?
442 1706 633 1760 infelix
670 1710 753 1761 eet
790 1707 1094 1777 Fabriciu8‚
1133 1707 1278 1778 quod
1316 1727 1408 1762 rus
1441 1726 1623 1778 suum,
1664 1726 1828 1778 quan-
1861 1724 1886 1762 6

117 1783 235 1835 tum
260 1799 293 1835 a
313 1799 372 1835 re
395 1781 615 1852 publica
636 1783 871 1851 vacavit,
908 1749 1094 1837 fodit‘ff
1144 1783 1287 1853 quod
1320 1783 1526 1838 bellum
1557 1787 1670 1838 tam
1704 1802 1827 1839 cum

118 1853 327 1927 Pyrrho
367 1873 529 1927 quam
569 1874 693 1911 cum
725 1823 928 1911 divitiis
952 1857 1133 1929 gerit?
1187 1858 1332 1929 quod
1356 1858 1423 1912 ad
1455 1858 1638 1913 focum
1672 1863 1829 1914 cenat

119 1930 238 1985 illae
277 1932 421 2002 ipsas
458 1931 665 1986 radices
704 1935 759 1986 et
796 1932 990 1986 herbas
1039 1951 1171 2003 quas
1219 1932 1277 1987 in
1313 1934 1655 2005 repurgando
1696 1952 1826 2006 agro

117 2005 461 2090 triumphalia
511 2025 675 2061 senex
713 2007 915 2061 vulsit?
992 2008 1121 2077 quid
1171 2007 1338 2081 ergo?
1413 2008 1624 2063 felicior
1672 2012 1827 2079 esset,

118 2080 165 2134 si
214 2080 270 2135 in
309 2084 551 2135 ventrem
602 2100 760 2136 suum
811 2082 1096 2154 longinqui
1146 2083 1321 2138 litoris
1372 2083 1548 2154 pisces
1588 2087 1643 2139 et
1680 2103 1826 2154 pere-

118 2172 275 2283 ⁸mf¹¹¹²⁸011
314 2156 1827 2305 :22221’32220353223112321220053353t13¹¹34530r23q¹25

120 2302 324 2374 ingenti
373 2323 658 2375 pomorum
700 2310 846 2360 strue
897 2307 1137 2379 cingeret
1183 2308 1388 2378 primae
1427 2308 1631 2362 formae
1671 2309 1827 2376 ferae,

266 2479 296 2524 2
327 2493 449 2537 aquo
482 2484 528 2539 (q
560 2495 676 2527 corr.
701 2497 759 2527 ex
785 2480 833 2539 b)
858 2485 903 2528 A
915 2482 975 2588 ¹⁶31
1003 2482 1033 2528 4
1055 2496 1144 2553 ego
1171 2484 1423 2542 v019.ergo
1449 2485 1494 2528 A
1524 2484 1542 2542 ΙΙ
1571 2484 1602 2529 9
1626 2485 1830 2544 paratos]

119 2539 189 2584 A⁶
212 2542 436 2608 paratam
461 2541 670 2600 Δ«1111112
700 2542 1060 2589 tramitem
1091 2545 1143 2589 in
1144 2545 1407 2601 terpunxit;
1437 2544 1632 2599 transit
1663 2545 1778 2602 υοῑ9.
1809 2546 1826 2603 ΙΙ

121 2597 180 2643 10
210 2602 475 2645 meatonem
500 2601 545 2646 A
576 2615 689 2647 corr
714 2603 828 2661 0019.
852 2603 870 2661 ΙΙ
898 2601 960 2648 28
990 2602 1152 2660 arepb’
1156 2615 1186 2647 a
1209 2603 1277 2648 A¹
1307 2605 1360 2648 in
1388 2616 1481 2648 are.
1506 2618 1551 2661 p.
1578 2617 1692 2650 com·
1719 2605 1788 2650 A⁶
1815 2609 1820 2661 Ι

119 2658 256 2704 verba
285 2660 411 2716 quod
442 2658 617 2706 bellum
655 2676 709 2707 m
745 2677 847 2707 mar
894 2662 1099 2708 madd.
1132 2662 1203 2709 A'
1233 2665 1508 2720 punctusque
1546 2665 1702 2722 siqnift
1690 2666 1825 2710 ιοαιὶι

115 2725 221 2775 pont
252 2718 375 2765 fodit
403 2721 645 2766 inserenda
677 2736 769 2768 me
796 2723 824 2792 ΙΙ
874 2676 953 2767 4Μ
961 2722 1102 2780 byrro
1126 2724 1171 2768 A
1209 2723 1220 2792 ἱ
1250 2723 1470 2767 adfocum
1504 2738 1561 2770 ex
1592 2722 1675 2768 aff-
1708 2739 1822 2770 corr.

122 2779 218 2823 A¹
229 2780 295 2839 ἸΙ
322 2778 383 2825 28
414 2780 653 2839 conchyljs
677 2783 722 2828 A
754 2782 852 2827 -liin
882 2796 938 2828 vo
956 2797 997 2841 9.
1035 2784 1053 2840 ΙΙ
1088 2782 1150 2828 80
1180 2783 1447 2839 cingeretur
1472 2785 1516 2829 A
1549 2785 1600 2842 (g
1630 2798 1743 2830 corr.
1769 2798 1825 2830 ex

122 2851 146 2881 c
177 2840 283 2892 sort.
311 2855 364 2885 m.
388 2844 435 2896 2)
467 2855 581 2887 corr.
610 2842 718 2900 volq.
754 2842 828 2887 cin
832 2844 1021 2900 geretv
995 2842 1066 2887 vel
1103 2844 1239 2889 Gertz
