2034 3086
223 81 294 136 70
548 80 599 126 L.
625 79 862 124 ANNAEI
893 79 1168 126 SENECAE
1200 81 1357 127 DIAL.
1382 81 1494 127 LIB.
1519 82 1597 128 111.

159 214 186 255 8
219 202 605 274 magnitudinis
643 203 827 272 fidem3
866 203 1184 272 eloquentur
1214 204 1438 273 aliquid,
1471 203 1615 274 quod
1645 209 1706 259 tu
1738 206 1920 277 magni

218 278 391 331 animi
438 280 618 347 putes„
670 278 808 331 sicut
855 275 908 330 G.
936 276 1148 347 Caesar,
1201 279 1295 348 qui
1344 280 1510 332 iratus
1558 281 1727 350 caelo,
1776 281 1919 352 quod

219 355 616 422 opstreperetur
664 352 1035 422 pantomimiS,
1087 371 1221 422 quos
1272 354 1583 407 imitabatur
1629 355 1918 409 studiosius

219 445 381 496 quam
436 427 730 496 spectabat,
786 426 1038 496 quodque
1090 428 1407 482 comessatio
1459 447 1554 482 sua
1601 428 1919 496 fulminibus

218 504 504 555 terreretur
541 530 614 539 —
652 519 872 570 prorsus
912 520 1104 571 parum
1144 502 1301 555 certis
1343 533 1413 541 —
1455 503 1521 556 ad
1559 522 1798 575 pugnam
1829 523 1920 558 vo·

218 577 361 630 cavit
390 574 572 629 Iovem
604 578 659 628 et
690 575 905 645 quidem
939 577 1052 630 sine
1083 576 1360 646 missione,
1390 576 1739 632 Homericum
1763 579 1919 632 illum

218 651 519 705 exclamans
557 669 794 704 versum:

746 750 816 798 ’ἩΔ
840 750 882 809 μ’
919 750 1097 809 ἀνάειρ’
1135 751 1163 810 ἢ
1195 751 1283 810 ἐγὼ
1317 750 1380 798 σέ.

157 857 184 898 9
218 846 417 913 quanta
467 843 733 897 dementia
782 844 907 897 fuit!
984 845 1196 915 putavit
1246 848 1339 898 aut
1385 845 1488 899 sibi
1525 847 1708 900 noceri
1746 866 1812 900 ne
1852 847 1916 900 ab

213 916 341 972 Iove
396 918 612 988 quidem
666 938 823 989 posse
878 922 973 973 aut
1027 939 1082 974 se
1130 938 1321 974 nocere
1372 921 1533 974 etiam
1582 920 1700 975 Iovi
1747 941 1916 992 posse.

213 1011 326 1046 non
378 996 511 1063 puto
566 1013 757 1063 parum
810 995 1071 1048 momenti
1124 996 1264 1049 hanc
1317 996 1429 1049 eius
1483 1013 1670 1050 vocem
1725 997 1791 1050 ad
1842 998 1919 1050 in-

216 1068 456 1122 citandas
495 1070 896 1122 coniuratorum
937 1073 1141 1123 mentes
1182 1069 1470 1140 addidisse3
1515 1071 1737 1124 ultimae
1776 1073 1919 1125 enim

214 1143 503 1213 patientiae
543 1144 719 1197 visum
758 1147 838 1197 est
877 1163 999 1197 eum
1038 1144 1198 1214 ferre,
1243 1145 1336 1214 qui
1372 1143 1556 1198 Iovem
1594 1164 1705 1199 non
1743 1146 1918 1200 ferret.

155 1262 179 1303 1
363 1246 506 1301 XXI.
567 1247 725 1302 Nihil
770 1267 898 1320 ergo
945 1249 1002 1301 in
1040 1249 1145 1319 ira,
1184 1268 1251 1303 ne
1292 1267 1414 1303 cum
1452 1250 1664 1303 videtur
1703 1251 1918 1321 quidem

212 1323 498 1377 vehemens
551 1326 605 1376 et
666 1323 793 1377 deos
854 1324 1203 1394 hominesque
1266 1324 1585 1394 despiciens,
1647 1344 1918 1397 magnum,

211 1397 351 1451 nihil
379 1398 562 1452 nobile
594 1401 688 1451 est.
755 1402 849 1452 aut
880 1399 925 1453 si
955 1398 1168 1452 videtur
1199 1399 1358 1453 alicui
1390 1418 1646 1471 magnum
1680 1401 1917 1454 animum

212 1473 292 1526 ira
337 1473 652 1543 producere,
699 1473 945 1527 videatur
983 1477 1036 1527 et
1072 1475 1286 1527 luxuria
1335 1506 1409 1512 —
1459 1476 1617 1528 ebore
1668 1476 1918 1529 sustineri

211 1548 350 1617 vult,
382 1566 621 1618 purpura
652 1549 858 1618 vestiri,
891 1567 1019 1602 auro
1052 1550 1186 1620 tegi,
1217 1554 1385 1603 terras
1416 1550 1717 1619 transferre,
1749 1551 1919 1603 maria

214 1622 552 1692 concludere,
584 1623 809 1676 flumina
838 1623 1210 1694 praecipitare,
1234 1643 1454 1678 nemora
1479 1625 1798 1694 suspendere
1830 1656 1917 1695 —,

153 1711 179 1752 2
213 1697 456 1751 videatur
505 1701 560 1751 et
609 1698 833 1752 avaritia
883 1700 1064 1770 magni
1103 1699 1269 1752 animi
1318 1731 1393 1737 —
1443 1701 1645 1753 acervis
1685 1700 1800 1752 auri
1839 1720 1918 1753 ar·

121 1809 126 1818 ι
214 1773 467 1844 gentique
494 1773 721 1847 incubat
752 1777 805 1827 et
835 1774 1232 1844 provinciarum
1263 1775 1572 1828 nominibus
1605 1793 1763 1846 agros
1789 1775 1919 1829 colit

215 1851 269 1901 et
314 1849 411 1902 sub
459 1844 687 1919 singulis
734 1849 910 1903 vilicis
948 1850 1166 1903 latiores
1205 1849 1368 1902 habet
1406 1850 1539 1903 fines
1581 1867 1742 1918 quam
1783 1869 1916 1920 quos

154 1936 181 1977 3
215 1924 459 1977 consules
514 1922 877 1977 sortiebantur
938 1955 1024 1994 —,
1085 1924 1329 1978 videatur
1390 1928 1443 1978 et
1502 1924 1673 1978 libido
1735 1925 1918 1996 magni

214 1999 381 2052 animi
418 2029 490 2037 —
527 2001 774 2051 transnat
810 1999 968 2069 freta,
1008 2018 1294 2069 puerorum
1334 2018 1522 2071 greges
1563 2003 1779 2069 castrat,
1817 2000 1914 2053 sub

214 2072 453 2144 gladium
493 2074 673 2127 mariti
712 2075 861 2127 venit
897 2078 1070 2128 morte
1110 2078 1419 2144 contempta
1458 2106 1544 2143 —-,
1582 2075 1825 2128 videatur
1863 2078 1916 2127 et

214 2148 438 2202 ambitio
489 2148 671 2220 magni
718 2150 884 2202 animi
936 2180 1006 2188 —
1057 2168 1167 2203 non
1213 2153 1294 2202 est
1332 2153 1585 2203 contenta
1622 2150 1914 2203 honoribus

362 2279 392 2325 8
424 2281 561 2327 Hom.
589 2281 649 2325 11.
681 2284 732 2325 Ψ
753 2285 842 2326 724

361 2369 392 2414 2
423 2370 569 2414 animi
606 2370 714 2415 add.
748 2371 886 2416 Gertz
924 2371 1026 2428 (cfr.
1059 2372 1169 2416 dial.
1197 2372 1272 2416 VI
1297 2375 1369 2427 16,
1390 2373 1436 2428 4)
1480 2371 1673 2428 spiritus
1708 2371 1915 2428 praefert

213 2429 347 2474 Koch
376 2429 556 2486 ingenii
580 2431 812 2475 Rossbach
842 2432 1046 2487 pectoris
1075 2432 1252 2476 Hosius
1283 2432 1351 2488 (p.
1377 2433 1512 2486 77,2)
1550 2431 1554 2489 Ι
1589 2446 1632 2488 g.
1667 2444 1799 2490 cesar
1822 2432 1868 2475 A
1898 2430 1914 2490 Η

209 2487 241 2532 3
271 2490 620 2545 opstreperetur
642 2490 688 2535 A
719 2489 1012 2547 obstreperet
1036 2491 1079 2535 L
1111 2496 1153 2535 et
1181 2492 1294 2548 voly.
1334 2490 1350 2548 Η
1388 2489 1418 2535 4
1450 2491 1725 2535 comessatio
1750 2492 1796 2535 A
1828 2491 1911 2545 esr.

186 2585 189 2588 ,
211 2547 323 2593 αἰαῖ.
350 2549 466 2593 XII
485 2554 557 2604 10,
574 2553 603 2594 9
611 2566 628 2604 ;
658 2563 723 2606 ep.
751 2554 823 2605 51,
839 2554 869 2594 4
900 2550 916 2610 Η
946 2550 975 2595 5
999 2549 1269 2595 turbaretur
1293 2551 1471 2595 Hosius
1493 2550 1508 2610 Η
1538 2550 1567 2595 8
1589 2551 1726 2595 verba
1746 2564 1913 2608 yraeea

210 2609 413 2655 restituit
451 2610 611 2654 Muret
655 2614 696 2653 et
741 2610 815 2653 ‘in
858 2611 972 2654 libro
1016 2610 1171 2655 Siculo
1212 2611 1281 2654 ita
1320 2611 1461 2667 plane
1502 2611 1709 2655 omnibus
1751 2611 1913 2654 litteris

210 2669 431 2724 seriptum
470 2668 554 2713 est’
598 2669 740 2713 addit.
781 2669 1363 2715 ΗΜΑΝΑΡΕΝΕΓΩΟΕ
1399 2671 1445 2714 A
1490 2669 1506 2729 ΙΙ
1551 2669 1607 2713 21
1646 2669 1911 2725 provincias

211 2726 480 2771 nominibus
520 2741 738 2786 agrorum
778 2729 846 2773 W.
875 2729 1052 2774 Gemoll
1091 2730 1206 2774 coni.
1244 2729 1260 2788 ΙΙ
1301 2728 1362 2773 23
1393 2729 1613 2773 uideatur
1643 2728 1713 2773 Al
1756 2729 1823 2784 (ui
1861 2730 1912 2772 in

211 2788 323 2843 ras.)
361 2786 377 2846 ΙΙ
416 2786 476 2831 25
514 2788 647 2832 uenit
677 2789 824 2833 morte
847 2788 918 2833 A¹
949 2789 1026 2833 sed
1055 2803 1173 2833 uxor
1195 2789 1265 2833 A³
1294 2790 1347 2833 in
1377 2803 1518 2846 mai-y.
1544 2789 1690 2833 adser.
1730 2793 1774 2832 et
1805 2793 1912 2844 post

210 2846 344 2890 uenit
372 2847 663 2892 inserendum
694 2861 782 2892 esse
811 2849 1090 2906 significavit
1097 2865 1114 2903 ;
1143 2848 1315 2903 falsum
1345 2849 1793 2904 interpretamentum
1821 2861 1911 2892 esse

210 2906 435 2951 intellexit
466 2906 604 2952 Gertz

1952 939 1994 971 10

1951 1341 1993 1374 15

1949 1716 1992 1748 20

1946 2089 1989 2122 25
