2034 3086
207 19 312 74 136
543 18 592 62 L.
618 5 854 62 ANNAE'I
886 16 1160 63 SENECAE
1191 18 1348 64 mAL.
1373 19 1484 66 LIB.
1509 19 1564 65 V.

204 141 394 210 simus3
424 140 640 210 iniquus
673 143 850 194 autem
882 142 984 209 est,
1017 139 1120 209 qui·
1142 158 1424 195 commune
1455 143 1647 196 vitium
1679 143 1904 215 singulis

204 215 412 269 obiecit.
481 234 592 268 non
631 218 711 280 est
748 212 1033 283 Aethiopis
1073 215 1212 268 inter
1250 234 1375 270 suos
1415 218 1702 288 insignitus
1742 219 1904 287 color,

201 308 299 343 nec
338 289 489 343 rufus
529 289 690 343 crinis
730 291 784 341 et
821 292 1038 343 coactus
1085 289 1142 341 in
1185 289 1389 344 nodum
1427 291 1570 360 apud
1610 290 1904 358 Germanos

202 365 376 417 virum
417 363 652 416 dedecet:
690 363 831 415 nihil
868 363 926 416 in
964 381 1071 416 uno
1111 363 1372 418 iudicabis
1406 366 1642 419 notabile
1674 370 1767 419 aut
1797 367 1906 420 foe-

202 439 351 508 dum,
408 438 551 507 quod
606 438 754 508 genti
809 456 934 491 suae
988 438 1265 507 publicum
1320 442 1422 510 est3
1476 443 1530 494 et
1582 440 1706 509 ista,
1770 459 1905 510 quae

201 513 406 581 rettuli,
437 513 595 564 unius
627 511 863 582 regionis
896 515 1056 581 atque
1084 513 1269 583 anguli
1294 514 1621 568 consuetudo
1648 514 1904 568 defendit:

104 603 110 621 ··
201 588 321 640 vide
374 604 539 654 nunc,
596 589 797 655 quanto
848 587 906 639 in
945 587 1011 640 iis
1050 587 1242 640 iustior
1279 589 1436 641 venia
1482 589 1573 658 sit,
1624 607 1759 658 quae
1809 607 1905 658 per

201 664 374 714 totum
415 678 582 731 genus
618 661 913 714 humanum
946 661 1165 732 vulgata
1195 664 1333 714 sunt.
1398 675 1581 717 omnes
1615 663 1904 716 inconsulti

200 739 253 789 et
301 734 573 805 inprovidi
621 753 827 805 sumus,
868 754 1050 789 omnes
1098 736 1309 805 incerti,
1349 738 1580 807 queruli,
1620 737 1904 806 ambitiosi,

37 782 45 811 ’ζ’
123 873 126 878 ¹
199 840 273 848 —-
309 810 439 879 quid
468 810 762 864 lenioribus
794 811 970 864 verbis
1002 811 1155 864 ulcus
1187 811 1464 880 publicum
1495 812 1802 868 abscondo?
1831 844 1904 850 —

123 880 136 943 ¹.
201 903 384 938 omnes
423 885 552 938 mali
592 903 789 939 sumus.
868 885 1129 955 quidquid
1173 886 1354 956 itaque
1394 887 1451 940 in
1490 888 1596 941 alio
1637 888 1905 957 reprendi-

198 963 308 1029 tur,
355 959 410 1012 id
456 961 825 1030 unusquisque
864 961 922 1013 in
960 960 1081 1014 sinu
1121 978 1217 1014 suo
1258 961 1506 1015 inveniet.
1586 963 1715 1032 quid
1758 963 1903 1016 illius

198 1035 482 1103 pallorem,
521 1035 667 1088 illius
707 1035 932 1088 maciem
969 1034 1163 1088 notas?
1230 1036 1537 1104 pestilentia
1576 1040 1670 1091 est.
1742 1038 1905 1107 placi·

199 1109 372 1162 diores
412 1109 592 1178 itaque
633 1110 857 1163 invicem
898 1110 1086 1163 simus:
1126 1110 1254 1162 mali
1286 1111 1426 1164 inter
1456 1112 1626 1165 malos
1658 1112 1903 1165 vivimus.

197 1202 304 1236 una
352 1201 451 1236 nos
501 1202 585 1237 res
636 1184 810 1238 facere
861 1185 1070 1254 quietos
1121 1187 1322 1254 potest,
1372 1189 1587 1239 mutuae
1630 1186 1904 1240 facilitatis

197 1259 497 1312 conventio.
584 1257 704 1312 ‘ille
753 1259 859 1312 iam
910 1258 1064 1312 mihiv
1091 1260 1299 1329 nocuit,
1349 1278 1450 1331 ego
1501 1261 1583 1314 illi
1632 1259 1906 1314 noudum?

198 1333 290 1386 sed
343 1334 450 1386 iam
505 1332 739 1402 aliquem
793 1334 1020 1387 fortasse
1072 1334 1298 1403 laesisti,
1362 1335 1453 1389 sed
1505 1335 1696 1389 laedes.
1789 1336 1904 1388 noli

196 1410 492 1461 aestumare
538 1408 679 1462 hanc
725 1408 912 1462 horam
952 1411 1046 1461 aut
1082 1409 1228 1462 hunc
1266 1409 1430 1479 diem,
1477 1412 1653 1463 totum
1699 1409 1902 1479 inspice

196 1483 388 1536 mentis
429 1486 552 1536 tuae
591 1483 852 1536 habitum:
894 1483 1055 1536 etiam
1088 1483 1134 1537 si
1164 1482 1303 1537 nihil
1342 1484 1470 1538 mali
1510 1484 1708 1553 fecisti,
1749 1487 1900 1553 potes

194 1557 380 1611 facere.
965 1558 972 1567 ⁴

343 1630 567 1686 XXVII.
631 1630 843 1697 Quanto
893 1632 1059 1687 satius
1106 1636 1189 1687 est
1226 1651 1412 1688 sanare
1452 1633 1702 1687 iniuriam
1743 1651 1901 1703 quam

195 1707 405 1762 ulcisci!
467 1708 700 1762 multum
738 1708 996 1778 temporis
1035 1709 1172 1762 ultio
1212 1709 1467 1779 absumit,
1507 1709 1691 1763 multis
1732 1727 1787 1763 se
1825 1709 1903 1765 in-

196 1783 348 1837 iuriis
396 1783 584 1853 obicit,
631 1783 759 1837 dum
796 1802 905 1837 una
943 1784 1110 1853 dolet3
1161 1783 1362 1838 diutius
1401 1784 1680 1839 irascimur
1719 1802 1902 1837 omnes

196 1876 357 1927 quam
402 1858 679 1912 laedimur.
758 1862 958 1928 quanto
1005 1859 1196 1913 melius
1235 1862 1316 1914 est
1355 1859 1499 1913 abire
1539 1860 1595 1912 in
1634 1859 1902 1912 diversum

193 1950 293 1987 nec
330 1933 464 1986 vitia
501 1934 648 1986 vitiis
689 1934 983 2003 opponere!
1054 1935 1307 2004 numquis
1348 1935 1477 1989 satis
1517 1937 1760 1988 constare
1799 1932 1902 1987 sibi

193 2007 461 2077 videatur,
507 2009 553 2062 61
600 2009 802 2062 mulam
849 2010 1083 2063 calcibus
1122 2012 1331 2079 repetat
1367 2012 1421 2063 et
1460 2027 1644 2063 canem
1682 2007 1902 2062 morsu?

196 2082 349 2136 ‘ista'
373 2083 554 2152 inquis
580 2082 825 2152 ‘peccare
856 2102 911 2136 se
941 2083 1222 2138 nesciunt.'
1284 2084 1519 2154 primum
1544 2101 1704 2153 quam
1729 2083 1901 2137 inicus

196 2161 297 2226 est,
337 2160 469 2227 aput
508 2176 666 2226 quem
704 2158 978 2211 hominem
1017 2177 1131 2212 esse
1170 2158 1237 2211 ad
1271 2159 1660 2228 impetrandam
1691 2157 1902 2211 veniam

195 2233 374 2285 nocet!
451 2232 663 2301 deinde,
714 2232 760 2286 si
811 2235 986 2286 cetera
1031 2233 1284 2286 animalia
1329 2233 1434 2286 hoc
1472 2233 1580 2286 irae
1619 2235 1741 2285 tuae
1781 2232 1901 2286 sub-

197 2307 366 2375 ducit,
414 2307 558 2376 quod
604 2306 832 2361 consilio
875 2310 1079 2376 carent,
1126 2307 1312 2361 eodem
1349 2308 1489 2362 loco
1511 2307 1611 2360 tibi
1651 2308 1721 2361 sit
1759 2307 1902 2376 quis-

347 2482 372 2526 1
407 2496 566 2526 sumus
589 2481 673 2537 A¹,
703 2481 782 2527 sed
810 2496 843 2525 11
873 2483 927 2527 in
957 2482 974 2526 i
1004 2482 1106 2528 rad.
1132 2495 1245 2528 corr.
1296 2482 1301 2540 Ι
1346 2482 1535 2539 iniquas
1573 2495 1687 2528 corr.
1721 2483 1774 2527 in
1811 2482 1900 2527 ini-

198 2556 316 2598 quus
348 2543 476 2587 A¹-²
518 2546 531 2598 j}
569 2541 598 2586 2
630 2541 804 2586 obiecit
827 2542 873 2586 A
905 2541 1051 2586 obicit
1083 2552 1111 2586 ς
1140 2547 1182 2587 et
1211 2542 1309 2587 edd.
1345 2542 1362 2602 Η
1400 2541 1429 2587 4
1459 2542 1614 2586 uirum
1646 2541 1842 2586 dedecet
1872 2553 1901 2586 ς

201 2601 368 2646 Gruter
412 2601 519 2645 uirsi
567 2602 703 2646 decet
748 2602 794 2646 A
838 2603 1090 2658 utrumque
1138 2602 1274 2646 decet
1309 2602 1353 2646 L
1401 2602 1417 2660 Η
1470 2601 1530 2647 10
1567 2601 1822 2646 lenioribus
1854 2602 1898 2647 L

196 2660 453 2706 leuioribus
485 2662 531 2707 A
573 2661 588 2720 Η
630 2661 689 2705 13
726 2660 925 2705 maciem
960 2662 1004 2706 L
1042 2666 1094 2706 ut
1127 2663 1241 2719 voly.
1280 2661 1430 2707 aciem
1462 2662 1509 2706 A
1542 2661 1559 2721 Η
1593 2661 1652 2708 18
1687 2675 1816 2706 oram
1852 2663 1897 2706 A

197 2734 310 2766 corr.
343 2722 457 2778 volq.
489 2721 506 2780 Η
536 2720 593 2765 21
626 2735 792 2765 sanare
825 2731 852 2765 ς
882 2721 1040 2765 sanari
1064 2720 1164 2766 AL
1205 2721 1222 2780 Η
1258 2720 1318 2766 23
1348 2735 1446 2765 una
1474 2722 1521 2767 A
1552 2734 1695 2765 unam
1730 2720 1900 2765 Gruter

197 2794 252 2825 ex
283 2791 310 2824 ς
355 2780 371 2839 Η
412 2779 471 2824 25
511 2780 603 2824 sibi
635 2781 804 2826 deatur
834 2780 917 2836 A¹,
958 2781 1038 2826 sed
1066 2781 1118 2825 ui
1149 2795 1241 2828 6.,υ.
1275 2781 1383 2826 add.
1407 2780 1478 2826 A'
1506 2781 1523 2840 ΙΙ
1559 2780 1618 2825 29
1646 2782 1802 2825 cetera
1830 2779 1899 2824 A⁵

198 2842 248 2884 in
271 2854 362 2885 ras.
389 2839 475 2896 (A1
497 2842 730 2897 scriptura
754 2841 899 2898 plane
930 2854 1062 2886 erasa
1095 2842 1175 2898 est)

1959 458 1978 491 5

1938 829 1978 863 10

1937 1201 1978 1237 15

1935 1574 1978 1608 2⁰

1933 1945 1977 1980 25

1931 2320 1977 2354 30
