2034 3086
76 868 118 901 10

404 51 488 98 DE
519 47 911 97 CONSTANTIA
942 45 1258 93 SAPIENTIS
1290 44 1420 94 CAP.
1449 49 1518 92 16.
1548 50 1602 90 1⁸1
1789 45 1860 100 41

149 177 285 231 illud
323 175 471 246 quod
502 171 831 228 contumelia
860 169 1094 225 dicitur?
1147 169 1205 222 in
1229 168 1421 239 capitis
1452 167 1560 222 mei
1588 166 1866 222 levitatem

150 254 356 307 iocatus
409 252 492 304 est
536 252 591 302 et
637 250 694 301 in
739 247 1021 301 oculorum
1059 244 1412 299 valitudinem
1459 246 1513 297 et
1550 243 1610 296 in
1647 260 1865 297 crurum

149 326 506 399 gracilitatem
545 326 600 377 et
638 324 695 376 in
733 324 1018 376 staturam:
1058 338 1194 390 quae
1233 318 1562 372 contumelia
1599 320 1681 372 est
1720 316 1866 387 quod

149 404 372 472 apparet
418 397 639 453 audire?
714 414 896 450 coram
945 413 1056 449 uno
1106 394 1313 464 aliquid
1359 394 1564 448 dictum
1613 392 1868 461 ridemus,

149 494 331 531 coram
391 474 639 545 pluribus
709 471 1078 542 indignamur,
1146 472 1200 523 et
1268 487 1457 522 eorum
1523 467 1643 522 aliis
1708 467 1867 521 liber-

147 555 314 605 tatem
390 568 503 603 non
582 547 962 616 relinquimus,
1032 564 1168 615 quae
1233 543 1339 614 ipsi
1404 544 1461 596 in
1521 561 1621 597 nos
1692 541 1866 595 dicere

149 625 514 693 adsuevimus3
583 622 717 676 iocis
786 621 1099 691 temperatis
1169 619 1520 687 delectamur,
1581 616 1866 671 inmodicis

151 718 446 755 irascimur.

298 771 469 828 XVII.
518 770 851 842 Chrysippus
891 770 968 823 ait
1007 769 1274 854 quendam
1311 767 1652 838 indignatum
1663 808 1679 837 ,
1723 766 1868 836 quod

148 851 301 904 illum
357 847 555 918 aliquis
602 864 878 900 vervecem
934 863 1203 898 mannum
1258 843 1479 896 dixerat.
1569 842 1627 895 in
1680 844 1869 896 senatu
1967 842 1985 877 ‘-

148 925 365 980 flentem
421 923 656 976 vidimus
726 920 922 975 Fidum
986 918 1318 988 Cornelium,
1385 917 1622 973 Nasonis
1689 914 1870 971 Ovidii

147 1017 427 1086 generum,
456 1016 580 1053 cum
612 998 768 1051 illum
794 995 1028 1051 Corbulo
1061 994 1542 1050 struthocamelum
1574 992 1871 1063 depilatum

147 1076 393 1144 dixisset3
438 1074 691 1127 adversus
731 1072 839 1126 alia
882 1071 1168 1126 maledicta
1217 1088 1394 1124 mores
1440 1072 1495 1123 et
1539 1068 1708 1122 vitam
1747 1085 1872 1122 con·

148 1149 486 1204 vulnerantia
523 1148 718 1202 frontis
765 1147 847 1200 illi
893 1147 1120 1200 firmitas
1161 1145 1429 1214 constitit,
1466 1143 1720 1198 adversus
1766 1143 1870 1196 hoe

76 1244 116 1276 ιε
146 1229 258 1279 tam
309 1223 602 1278 absurdum
651 1222 904 1277 lacrimae
950 1221 1319 1292 prociderunt:
1357 1222 1520 1273 tanta
1567 1219 1870 1272 animorum

148 1299 470 1355 inbecillitas
518 1301 623 1367 est,
667 1298 762 1351 ubi
811 1297 950 1351 ratio
991 1296 1249 1351 discessit.
1329 1294 1483 1365 quid,
1522 1293 1668 1365 quod
1707 1292 1872 1347 offen-

149 1375 350 1444 dimur,
403 1375 450 1428 si
503 1373 625 1443 quis
689 1390 991 1427 sermonem
1044 1374 1293 1425 nostrum
1339 1369 1606 1438 imitatur,
1653 1368 1699 1422 si
1749 1367 1871 1437 quis

151 1452 443 1534 incessum,
487 1449 535 1503 si
581 1448 703 1533 quis
742 1447 937 1532 vitium
967 1445 1199 1532 ‚aliquod
1238 1444 1481 1529 corporis
1505 1446 1616 1529 ‘aut
1652 1443 1871 1514 linguae

149 1519 1382 1666 zssssmzssieffiz1⁰⁰32‘1'221t3ss2mfla331323
1422 1521 1872 1647 fflffiffiffi

150 1678 204 1727 et
249 1692 413 1728 canos
461 1676 515 1726 et
560 1673 667 1727 alia
706 1672 773 1726 ad
813 1691 949 1742 quae
988 1674 1118 1725 voto
1157 1670 1492 1741 pervenitur3
1538 1667 1872 1739 paupertatis
1974 1706 1981 1712 -

152 1748 498 1803 maledictum
538 1747 801 1818 quosdam
841 1747 1099 1818 perussit,
1146 1763 1307 1816 quam
1348 1745 1452 1799 sibi
1493 1744 1691 1798 obiecit
1730 1743 1873 1813 quis-

152 1825 272 1894 quis
312 1822 616 1878 abscondit:
656 1823 838 1893 itaque
877 1822 1102 1876 materia
1136 1820 1504 1891 petulantibus
1537 1822 1590 1873 et
1620 1837 1718 1890 per
1747 1836 1874 1872 con-

152 1898 431 1953 tumeliam
483 1898 703 1952 urbanis
758 1897 1080 1966 detrahitur,
1134 1897 1180 1951 si
1233 1896 1377 1950 ultro
1426 1895 1577 1948 illam
1625 1896 1678 1948 et
1723 1893 1874 1963 prior

153 1992 407 2045 occupes3
450 1992 611 2027 nemo
659 1973 828 2028 risum
867 1972 1115 2043 praebuit
1154 1971 1248 2042 qui
1287 1990 1353 2025 ex
1393 1989 1449 2026 se
1488 1970 1644 2039 cepit.
1722 1967 1872 2023 Vati·
1907 1983 1915 1996 ·

152 2050 327 2118 nium,
363 2049 641 2103 hominem
680 2052 867 2102 natum
901 2051 955 2102 et
986 2047 1053 2101 ad
1092 2047 1261 2101 risum
1294 2049 1348 2100 et
1380 2045 1447 2100 ad
1479 2045 1690 2115 odium,
1727 2061 1873 2098 scur-

153 2143 267 2178 ram
307 2124 472 2179 fuisse
511 2127 565 2178 et
587 2127 874 2178 venustum
908 2141 970 2178 ac
997 2122 1234 2177 dicacem
1266 2121 1556 2175 memoriae
1596 2119 1872 2191 proditum
1969 2128 1975 2135 “

154 2203 247 2253 est.
327 2200 383 2253 in
429 2199 590 2270 pedes
638 2217 765 2254 suos
812 2199 927 2269 ipse
973 2198 1208 2268 plurima
1255 2197 1465 2251 dicebat
1503 2199 1557 2249 et
1596 2196 1653 2248 in
1691 2195 1872 2249 fauces

154 2274 420 2328 concisas:
474 2275 552 2328 sic
598 2274 967 2343 inimicorum,
1022 2291 1158 2343 quos
1205 2272 1386 2342 plures
1431 2270 1663 2324 habebat
1710 2287 1871 2340 quam

154 2350 399 2419 morbos,
444 2352 498 2402 et
544 2349 599 2402 in
646 2349 837 2419 primis
878 2347 1151 2403 Ciceronis
1198 2347 1557 2401 urbanitatem
1598 2345 1871 2417 effugerat.

302 2525 335 2571 8
365 2540 458 2584 que
481 2528 528 2572 A

156 2600 254 2631 cem
281 2587 326 2632 A
355 2600 472 2632 corr.
497 2597 526 2631 ς
554 2525 577 2646 Η
604 2585 661 2631 12
686 2585 950 2643 depilatum
974 2587 1020 2631 A
1053 2586 1154 2631 tolli
1185 2585 1277 2631 volt
1309 2585 1448 2631 Gertz
1479 2589 1715 2641 tamquam
1746 2588 1873 2629 vetus

155 2646 522 2692 additamevttum
569 2645 895 2704 deplumatum
932 2646 1130 2704 Bentley
1174 2645 1191 2705 ΙΙ
1233 2644 1292 2690 18
1330 2645 1477 2690 vitam
1517 2644 1630 2702 voly.
1665 2643 1774 2689 inde
1813 2644 1872 2688 ab

158 2706 368 2753 Erum!
391 2706 513 2751 uitia
538 2707 581 2752 A
616 2708 622 2764 ς
657 2708 706 2752 et
730 2705 1124 2752 conuulnerantia
1143 2706 1190 2752 A
1213 2705 1293 2751 sed
1324 2707 1374 2750 et
1396 2709 1558 2763 postea
1589 2704 1782 2749 deletwn
1807 2709 1871 2749 est

157 2765 256 2811 eius
293 2779 431 2812 conv·
466 2766 605 2812 Gertz
642 2765 660 2826 ΙΙ
700 2765 761 2812 m
790 2766 983 2825 quidem
1008 2767 1053 2812 A
1085 2779 1200 2812 corr.
1235 2765 1349 2825 voly.
1381 2764 1400 2835 ΙΙ
1428 2764 1488 2810 25
1520 2763 1648 2824 cepit
1672 2765 1717 2809 A
1748 2763 1872 2809 unde

157 2827 315 2883 coepit
339 2826 470 2873 Koch
499 2826 517 2886 ΙΙ
553 2825 613 2872 27
646 2829 695 2871 et
724 2828 972 2871 venustum
997 2827 1042 2872 A
1075 2827 1124 2871 et
1155 2827 1217 2884 (=
1240 2827 1291 2872 et
1322 2825 1513 2883 quidem
1546 2824 1630 2881 cfr.
1657 2827 1800 2882 1249,
1818 2826 1873 2878 3;

155 2887 281 2943 epist.
304 2886 366 2932 H.
386 2900 436 2944 p.
455 2891 529 2942 97,
547 2891 603 2942 6';
630 2890 730 2941 121,
753 2889 826 2945 16)
856 2887 987 2946 volyo
1017 2886 1193 2933 deletwr

609 2526 633 2571 2
667 2525 971 2571 adsueuimus
1003 2540 1118 2571 corr.
1144 2527 1196 2571 in
1228 2537 1325 2570 ass-
1357 2524 1465 2581 fort.
1491 2522 1563 2569 A'
1584 2523 1601 2583 ΙΙ
1626 2522 1684 2568 10
1708 2521 1871 2568 berbe-
