2028 3106
491 94 575 138 AD
609 93 900 138 SERENVM
933 95 1013 138 DE
1046 95 1187 139 OTIO
1219 93 1346 138 CAP.
1378 98 1418 138 6.
1447 99 1470 137 7
1720 95 1827 149 239

132 235 242 270 non
281 221 363 271 est
399 234 571 284 mora,
619 216 664 268 si
701 234 810 269 non
852 219 999 269 actor
1038 218 1205 284 deest,
1252 214 1343 268 sed
1382 216 1587 286 agenda
1625 215 1829 284 desunt,

133 292 324 361 ecquid
361 290 444 344 illi
482 307 660 343 secum
692 308 807 343 esse
837 289 1151 359 permittes?
1211 307 1318 359 quo
1351 291 1528 343 animo
1562 291 1629 344 ad
1660 290 1830 344 otium
1861 302 1887 340 4

132 367 344 436 sapiens
391 363 623 418 secedit?
697 367 760 417 ut
798 365 932 417 sciat
970 383 1025 417 se
1063 367 1180 418 tum
1219 381 1432 433 quoque
1472 383 1534 417 ea
1572 368 1829 433 acturum,

131 459 228 509 per
266 457 402 508 quae
439 439 667 508 posteris
706 440 890 508 prosit.
951 457 1050 492 nos
1091 441 1232 492 certe
1263 457 1445 492 sumus
1479 440 1571 507 qui
1603 439 1828 494 dicimus

78 529 100 563 5
131 517 186 568 et
232 513 502 567 Zenonem
555 516 610 567 et
659 511 1021 583 Chrysippum
1071 513 1274 567 maiora
1322 513 1517 584 egisse,
1573 531 1734 583 quam
1784 513 1830 567 si

132 589 407 642 duxissent
445 588 731 657 exercitus,
769 589 1059 659 gessissent
1089 588 1341 658 honores,
1380 589 1525 659 leges
1557 589 1828 643 tulissent:

131 681 263 732 quas
300 681 413 717 non
444 663 541 716 uni
571 662 799 731 civitati,
838 662 931 716 sed
960 663 1063 716 toti
1094 663 1330 717 humano
1363 663 1544 734 generi
1574 663 1826 717 tulerunt.

131 737 261 806 quid
311 741 392 791 est
445 755 597 809 ergo,
646 759 811 810 quare
857 738 964 791 tale
1012 738 1182 792 otium
1226 756 1338 792 non
1384 738 1667 792 conveniat
1711 738 1828 791 viro

128 812 272 865 bono
282 852 298 880 ‚
334 830 430 882 per
463 814 607 883 quod
638 812 821 866 futura
856 813 1067 866 saecula
1099 813 1308 867 ordinet
1337 830 1437 867 nee
1468 815 1600 881 aput
1630 829 1829 882 paucos

56 902 99 934 ιο
130 887 489 955 contionetur,
528 882 620 939 sed
657 900 790 957 aput
822 887 994 940 omnis
1028 888 1268 941 omnium
1300 887 1540 958 gentium
1571 886 1830 955 homines,

130 961 328 1031 quique
375 965 502 1014 sunt
548 961 747 1030 quique
794 960 985 1014 erunt?
1068 962 1135 1014 ad
1180 980 1445 1015 summam
1494 979 1691 1030 quaero
1699 1003 1714 1030 ,
1761 980 1831 1014 an
1862 974 1889 1014 5

128 1055 192 1088 ex
232 1036 530 1106 praeceptis
570 1035 679 1088 suis
718 1035 951 1088 vixerint
990 1033 1272 1090 Cleanthes
1312 1039 1366 1090 et
1404 1035 1736 1105 Chrysippus
1776 1037 1830 1090 et

127 1109 322 1163 Zenon.
392 1128 498 1164 non
537 1110 695 1162 dubie
733 1110 1080 1179 respondebis
1120 1110 1197 1164 sic
1227 1112 1351 1165 illos
1390 1111 1609 1179 vixisse,
1649 1128 1829 1180 quem-

129 1184 417 1238 admodum
471 1185 714 1238 dixerant
767 1203 880 1238 esse
934 1183 1243 1237 vivendum:
1311 1185 1467 1255 atqui
1507 1203 1666 1239 nemo
1714 1186 1832 1239 illo-

58 1272 97 1304 15
126 1277 247 1310 rum
302 1278 415 1312 rem
466 1259 739 1328 publicam
794 1259 1198 1311 administravit.
1290 1258 1424 1312 ‘non
1472 1259 1602 1312 fuit'
1651 1260 1830 1330 inquis

130 1331 264 1385 ‘illis
311 1337 404 1386 aut
442 1352 504 1387 ea
540 1333 759 1387 fortuna
796 1336 890 1386 aut
929 1353 991 1387 ea
1029 1333 1284 1404 dignitas,
1336 1351 1471 1402 quae
1511 1334 1724 1388 admitti
1763 1335 1830 1388 ad

129 1407 464 1475 publicarum
502 1426 681 1462 rerum
718 1409 1092 1461 tractationem
1133 1406 1303 1460 solet.'
1365 1407 1457 1460 sed
1486 1408 1627 1461 idem
1657 1409 1830 1462 nihilo

130 1481 304 1534 minus
353 1501 463 1534 non
515 1501 731 1555 segnem
786 1501 939 1553 egere
993 1484 1182 1535 vitam:
1244 1482 1586 1550 invenerunt,
1649 1501 1829 1551 quem-

127 1555 414 1609 admodum
447 1558 568 1627 plus
594 1558 743 1627 quies
770 1558 1009 1626 ipsorum
1033 1557 1341 1610 hominibus
1367 1557 1643 1626 prodesset
1668 1575 1827 1626 quam

54 1647 96 1678 κο
127 1631 355 1684 aliorum
412 1631 683 1687 discursus
741 1634 794 1684 et
852 1633 1015 1685 sudor
1121 1649 1247 1702 ergo
1306 1631 1478 1684 nihilo
1537 1632 1714 1685 minus
1769 1633 1826 1685 hi

131 1706 357 1759 multum
390 1707 561 1778 egisse
592 1706 695 1759 visi
727 1710 871 1774 sunt,
906 1708 1149 1776 quamvis
1180 1706 1319 1759 nihil
1348 1706 1562 1775 publice
1594 1711 1824 1778 agerent.

276 1795 395 1849 Vll.
458 1795 736 1850 Praeterea
774 1797 878 1848 tria
917 1815 1110 1868 genera
1150 1798 1274 1848 sunt
1314 1795 1476 1863 vitae,
1516 1797 1655 1849 inter
1693 1815 1827 1867 quae
1866 1811 1887 1847 1

129 1870 271 1937 quod
311 1872 382 1924 sit
421 1871 686 1941 optimum
727 1872 910 1940 quaeri
948 1873 1108 1925 solet:
1146 1888 1313 1924 unum
1352 1871 1618 1940 voluptati
1658 1876 1828 1941 vacat,

128 1944 353 1999 alterum
399 1945 863 2016 contemplationi,
913 1947 1132 1999 tertium
1173 1945 1390 1999 actioni.
1469 1946 1702 2015 primum
1744 1947 1828 2000 de·

53 2032 95 2065 35
127 2018 305 2086 posita
349 2022 690 2074 contentione
738 2021 1087 2090 depositoque
1128 2021 1274 2089 odic,
1325 2019 1469 2090 quod
1507 2019 1827 2089 inplacabile

128 2090 336 2145 diversa
374 2096 719 2164 sequentibus
759 2094 1074 2162 indiximus,
1113 2095 1410 2162 videamus,
1447 2096 1509 2146 ut
1547 2094 1679 2149 haec
1719 2114 1827 2148 om-

127 2166 217 2220 nia
255 2166 322 2219 ad
360 2167 501 2221 idem
541 2170 639 2224 sub
680 2170 786 2223 alio
827 2172 986 2238 atque
1026 2169 1131 2222 alio
1162 2170 1322 2223 titulo
1355 2170 1690 2239 perveniant:
1729 2189 1828 2224 nec

126 2241 241 2310 ille,
291 2242 384 2311 qui
434 2243 767 2314 voluptatem
814 2244 1027 2314 probat,
1080 2244 1193 2297 sine
1240 2245 1693 2313 contemplatione
1733 2248 1827 2314 est,

127 2334 226 2370 nec
259 2316 375 2385 ille,
407 2317 499 2386 qui
531 2318 972 2389 contemplationi
1004 2317 1245 2386 inservit,
1278 2317 1392 2371 sine
1422 2319 1700 2389 voluptate
1732 2323 1827 2388 est,

52 2406 96 2438 ³0
127 2409 226 2446 nec
262 2390 378 2458 ille,
427 2391 578 2445 cuius
618 2394 729 2445 vita
768 2393 1068 2447 actionibus
1108 2392 1371 2446 destinata
1409 2397 1510 2463 est,
1550 2395 1664 2448 sine
1704 2412 1826 2448 con-

127 2466 473 2536 templatione
527 2469 620 2520 est.
706 2466 1050 2537 ‘plurimum'
1104 2467 1283 2536 inquis
1332 2466 1677 2523 ‘discriminis
1733 2472 1828 2539 est,
1860 2478 1885 2517 2

274 2612 305 2658 9
335 2612 492 2675 future
525 2615 569 2660 A
607 2614 624 2671 l!
655 2613 711 2659 ll
751 2616 888 2661 verba
928 2615 1101 2672 quique
1140 2614 1250 2658 sunt
1287 2614 1339 2658 in
1370 2629 1511 2675 mary.
1545 2616 1651 2661 add.
1685 2615 1756 2662 A’
1785 2622 1828 2661 et

123 2678 225 2728 post
270 2673 483 2720 homines
529 2675 773 2721 inserenda
814 2689 905 2721 esse
945 2675 1147 2734 siynavit
1192 2673 1273 2730 qui
1321 2676 1430 2720 sunt
1474 2677 1590 2722 coni.
1633 2677 1769 2721 Haas
1810 2676 1827 2736 Η

130 2730 187 2776 18
223 2746 317 2777 11011
358 2734 471 2792 voly.
509 2735 633 2790 add„
672 2735 791 2780 deest
829 2737 878 2780 in
915 2737 959 2780 A
998 2736 1014 2793 ΙΙ
1059 2734 1118 2779 16
1159 2746 1215 2778 ea
1259 2732 1490 2792 dignitas,
1534 2749 1655 2794 quae
1696 2736 1828 2781 Koch

128 2804 185 2836 ea
227 2792 437 2850 dignitas
480 2807 590 2851 eaq3
631 2794 700 2840 A¹
738 2808 848 2852 eaq3
891 2797 943 2839 in
985 2806 1166 2851 eaquae
1207 2807 1319 2838 corr.
1356 2794 1427 2840 A'
1462 2796 1479 2854 Η
1520 2795 1579 2840 19
1618 2796 1824 2852 ipsorum

138 2850 206 2895 W.
235 2851 409 2898 Gemoll
438 2852 626 2898 illorum
651 2855 696 2900 A
727 2856 732 2911 Ι
772 2854 832 2899 26
863 2857 916 2899 ut
943 2856 1078 2900 Gertz
1109 2854 1156 2898 in
1183 2854 1227 2898 A
1261 2866 1321 2897 an
1352 2855 1465 2913 voly.
1499 2855 1515 2914 ΙΙ
1544 2854 1604 2900 80
1629 2855 1825 2900 actioni-

128 2909 216 2954 bus
239 2915 282 2956 A
315 2913 490 2957 actioni
525 2915 684 2959 Muret
737 2920 819 2960 ort.
844 2920 960 2959 recte
