2028 3106
170 68 280 122 360
482 65 531 110 L.
557 63 795 108 ANNAEI
826 62 1101 110 SENECAE
1132 63 1290 109 DIAL.
1316 63 1428 108 LIB.
1452 62 1551 108 XII.

172 188 217 241 si
255 186 506 240 ultimum
546 185 685 239 diem
723 203 836 238 non
874 185 1028 254 quasi
1057 203 1310 256 poenam,
1348 187 1440 240 sed
1471 184 1625 255 quasi
1652 189 1874 240 naturae

170 263 346 333 legem
394 260 613 329 aspicis,
661 278 727 314 ex
774 277 880 328 quo
920 262 1136 328 pectore
1173 263 1378 314 metum
1417 259 1606 314 mortis
1646 260 1875 330 eieceris,

172 337 229 388 in
266 335 322 388 id
361 335 562 388 nullius
601 334 680 388 rei
718 333 882 387 timor
920 333 1137 387 audebit
1174 335 1396 404 intrare3
1435 334 1480 388 si
1519 334 1726 405 cogitas
1756 335 1876 388 libi·

173 410 351 463 dinem
389 427 501 462 non
537 408 832 479 voluptatis
872 425 1033 461 causa
1068 407 1276 461 homini
1314 409 1518 479 datam,
1556 407 1647 463 sed
1686 427 1876 479 propa-

172 483 336 555 gandi
385 484 618 554 generis,
670 500 831 553 quem
880 499 992 535 non
1037 482 1319 536 violaverit
1363 484 1468 538 hoc
1515 486 1777 541 secretum
1823 487 1878 537 et
1930 499 1950 532 5
2020 488 2021 491 ’

172 559 399 611 infixum
445 557 739 612 visceribus
786 556 920 627 ipsis
959 556 1208 625 exitium,
1255 557 1428 612 omnis
1467 557 1573 612 alia
1609 557 1875 628 cupiditas

172 633 434 687 intactum
481 632 805 718 praeteribit.
882 648 995 683 non
1039 631 1253 716 singula
1297 631 1429 685 vitia
1471 633 1610 686 ratio
1657 632 1749 686 sed
1786 650 1878 702 pa·

172 707 301 761 riter
352 708 533 761 omnia
582 704 898 776 prosternit.
949 705 1007 758 in
1054 706 1366 759 universum
1417 707 1581 759 semel
1629 706 1875 775 vincitur

173 782 472 867 ignominia
500 785 562 835 tu
593 784 752 851 putas
786 776 1109 849 quemquam
1142 781 1438 851 sapientem
1470 781 1675 834 moveri
1705 799 1880 851 posse,

173 857 268 926 qui
319 857 500 910 omnia
545 856 607 923 in
658 874 714 909 se
763 855 1029 925 reposuit,
1079 855 1173 940 qui
1222 855 1290 910 ab
1338 854 1682 926 opinionibus
1730 855 1880 926 volgi
1910 872 1952 905 ιο

174 931 428 986 secessit?
503 930 627 1001 plus
675 928 836 983 etiam
883 947 1044 998 quam
1090 930 1388 1002 ignominia
1426 933 1508 984 est
1544 946 1689 983 mors
1727 930 1879 1000 igno·

173 1006 424 1059 miniosa:
464 1003 713 1058 Socrates
743 1006 926 1057 tamen
957 1004 1145 1058 eodem
1176 1006 1273 1058 illo
1305 1005 1483 1075 voltu,
1515 1023 1622 1075 quo
1654 1003 1879 1076 triginta

172 1083 432 1150 tyrannos
484 1079 631 1132 solus
684 1077 972 1147 aliquando
1024 1079 1083 1132 in
1133 1079 1375 1132 ordinem
1419 1079 1720 1151 redegerat,
1769 1097 1879 1133 car-

174 1172 346 1208 cerem
382 1152 606 1206 intravit
636 1151 989 1223 ignominiam
1019 1152 1126 1222 ipsi
1155 1154 1277 1207 loco
1311 1153 1668 1223 detracturus3
1706 1171 1879 1223 neque

174 1228 317 1282 enim
356 1229 570 1297 poterat
607 1245 788 1281 carcer
824 1227 995 1280 videri
1032 1227 1090 1280 in
1129 1244 1235 1296 quo
1269 1225 1514 1281 Socrates
1554 1231 1680 1281 erat.
1759 1229 1879 1298 quis
1911 1244 1953 1278 15

173 1319 344 1372 usque
395 1319 458 1355 eo
505 1301 574 1354 ad
619 1301 1053 1371 conspiciendam
1099 1301 1379 1355 veritatem
1426 1305 1736 1356 excaecatus
1784 1306 1881 1372 est,

174 1380 236 1430 ut
274 1376 629 1447 ignominiam
668 1379 823 1446 putet
852 1375 1021 1430 Marci
1054 1373 1271 1430 Catonis
1311 1377 1476 1433 fuisse
1516 1376 1785 1446 duplicem
1823 1376 1882 1430 in

175 1451 434 1522 petitione
472 1452 753 1521 praeturae
785 1453 839 1504 et
870 1450 1179 1505 consulatus
1210 1450 1516 1522 repulsam?
1583 1451 1881 1522 ignominia

174 1527 269 1579 illa
322 1529 603 1597 praeturae
655 1529 710 1580 et
763 1526 1075 1580 consulatus
1129 1526 1255 1596 fuit,
1310 1526 1504 1596 quibus
1560 1544 1626 1580 ex
1680 1524 1881 1579 Catone

172 1600 349 1655 honor
396 1601 706 1655 habebatur.
783 1620 940 1655 nemo
993 1601 1058 1655 ab
1110 1601 1216 1656 alio
1264 1601 1647 1671 contemnitur,
1697 1601 1803 1654 nisi
1849 1618 1882 1653 a
1912 1617 1955 1650 8⁰

3 1673 10 1723 ἓ
44 1701 51 1709 ·
83 1669 89 1726 ζ
175 1694 230 1729 se
279 1679 402 1729 ante
449 1679 790 1747 contemptus
838 1679 932 1731 est.
1008 1676 1229 1730 humilis
1268 1679 1322 1730 et
1359 1676 1630 1746 proiectus
1669 1675 1879 1729 animus

176 1750 246 1803 sit
306 1751 398 1803 isti
459 1751 814 1804 contumeliae
869 1754 1230 1821 opportunus3
1291 1751 1385 1821 qui
1444 1768 1571 1804 vero
1627 1749 1879 1803 adversus

176 1824 516 1878 saevissimos
563 1842 717 1879 casus
765 1843 821 1879 se
868 1825 1082 1879 extollit
1126 1827 1180 1878 et
1226 1843 1292 1896 ea·
1333 1825 1498 1894 mala,
1547 1824 1741 1894 quibus
1788 1823 1880 1876 alii

177 1897 576 1968 opprimuntur,
639 1900 853 1968 evertit,
913 1900 1057 1969 ipsas
1119 1898 1358 1955 miserias
1412 1898 1704 1953 infularum
1756 1898 1879 1952 loco

175 1973 360 2041 habet,
407 1973 619 2041 quando
660 1973 736 2026 ita
775 1973 971 2028 adfecti
1010 1991 1218 2043 sumus,
1253 1978 1317 2028 ut
1352 1974 1492 2028 nihil
1529 1991 1697 2043 aeque
1735 1991 1881 2044 mag·
1912 1988 1954 2022 2⁶

175 2066 301 2100 nam
349 2049 481 2116 aput
518 2065 617 2101 nos
658 2047 1067 2102 admirationem
1106 2052 1335 2118 occupet
1372 2067 1534 2118 quam
1571 2048 1735 2102 homo
1774 2048 1880 2102 for-

177 2122 304 2175 titer
334 2121 507 2174 miser.
571 2121 864 2176 ducebatur
892 2120 1121 2177 Athenis
1154 2122 1221 2176 ad
1252 2123 1577 2193 supplicium
1601 2121 1879 2190 Aristides,

177 2196 264 2249 cui
297 2195 540 2265 quisquis
574 2199 878 2251 occurrerat
901 2196 1163 2251 deiciebat
1186 2197 1371 2251 oculos
1396 2200 1450 2251 et
1472 2196 1881 2269 ingemescebat,

176 2288 306 2323 non·
344 2272 620 2339 tamquam
671 2272 729 2324 in
778 2271 1051 2326 hominem
1102 2273 1304 2326 iustum
1355 2272 1448 2326 sed
1496 2274 1774 2341 tamquam
1823 2270 1881 2322 in

176 2345 350 2414 ipsam
395 2341 658 2398 iustitiam
698 2345 1230 2416 animadverteretur3
1275 2347 1525 2401 inventus
1564 2349 1647 2399 est
1683 2349 1879 2411 tamen,
1913 2358 1955 2391 ³0

178 2418 271 2488 qui
310 2419 368 2471 in
405 2418 598 2472 faciem
637 2420 750 2473 eius
790 2421 1077 2491 inspueret,
1154 2423 1368 2490 poterat
1406 2421 1474 2474 ob
1512 2420 1619 2473 hoc
1656 2418 1880 2471 moleste

176 2493 340 2563 ferre,
396 2493 540 2563 quod
596 2494 798 2547 sciebat
847 2495 1115 2549 neminem
1164 2495 1220 2547 id
1270 2511 1525 2548 ausurum
1575 2492 1699 2562 puri
1750 2491 1880 2560 oris3

325 2639 354 2685 8
384 2639 593 2684 11111611111·
615 2639 662 2685 A
691 2638 839 2684 vincit
868 2641 1086 2687 editiones
1115 2641 1286 2686 multae
1322 2639 1338 2699 ΙΙ
1379 2638 1439 2684 18
1476 2637 1706 2695 petitione
1728 2635 1799 2683 A¹
1827 2642 1882 2683 ut

176 2699 285 2755 vid„
308 2700 479 2745 lineola
499 2704 663 2758 postea
685 2713 820 2745 erasa
842 2705 907 2745 est
928 2699 945 2760 ΙΙ
975 2700 1033 2745 19
1057 2698 1325 2746 consolatus
1348 2696 1880 2757 A¹eorr.man.1—2u

177 2757 237 2802 20
267 2759 616 2817 contempnitur
638 2759 685 2804 A
722 2758 739 2819 ΙΙ
779 2758 840 2803 22
873 2758 937 2803 sit
957 2760 1004 2805 A
1036 2762 1108 2805 est
1141 2759 1278 2804 Gertz
1312 2757 1317 2818 Ι
1356 2755 1642 2802 contumelia
1665 2755 1865 2803 A¹corr

178 2817 248 2861 A'
276 2817 293 2877 ΙΙ
321 2818 381 2863 23
412 2818 497 2864 alii
527 2832 642 2864 corr
668 2832 725 2864 ex
756 2817 821 2862 ali
850 2818 961 2874 fort.
982 2819 1053 2865 A¹
1080 2819 1097 2879 ΙΙ
1126 2818 1184 2863 27
1209 2817 1442 2863 Aristides
1466 2817 1512 2862 A
1543 2830 1716 2863 errasse
1746 2816 1880 2863 86916-

173 2889 279 2921 cam
308 2878 427 2923 vidit
449 2879 665 2936 Lipsius.-
694 2878 887 2924 scribere
916 2878 1072 2924 debuit
1100 2877 1308 2923 Phoc'ion
