2028 3106
189 63 299 118 200
509 60 558 104 L.
584 59 819 104 ANNAEI
850 57 1122 103 SENECAE
1153 58 1311 104 DIAL.
1335 59 1446 106 LIB.
1471 59 1570 104 VH.

130 197 158 236 4
189 182 319 236 boni
356 181 572 235 veniens
612 199 674 234 ac
711 179 996 234 recedens?
1055 179 1201 234 hunc
1239 182 1315 234 ita
1351 181 1633 234 fundatum
1671 201 1885 237 necesse

190 260 293 327 est,
339 255 468 315 velit
512 255 672 324 nolit,
721 257 974 324 sequatur
1018 254 1259 308 hilaritas
1301 255 1555 309 continua
1592 258 1646 309 et
1681 256 1886 311 laetitia

189 332 299 384 alta
349 333 509 398 atque
560 348 626 382 ex
676 330 785 382 alto
833 329 1075 397 veniens,
1127 331 1188 381 ut
1235 330 1328 397 qui
1374 329 1483 382 suis
1522 330 1751 400 gaudeat
1787 349 1886 386 nec

189 404 393 457 maiora
432 403 737 457 domesticis
775 403 970 472 cupiat.
1034 402 1220 472 quidni
1249 403 1353 456 ista
1382 403 1516 456 bene
1546 407 1734 474 penset
1764 421 1886 459 cum

188 478 411 532 minutis
464 481 518 531 et
566 477 773 531 frivolis
821 480 875 530 et
919 495 1031 530 non
1076 478 1536 546 perseverantibus
1582 480 1886 548 corpusculi
1940 499 1959 531 5

188 551 461 606 motibus?
543 570 649 620 quo
706 551 790 604 die
840 551 980 604 infra
1028 552 1362 620 voluptatem
1412 551 1593 620 fuerit,
1644 557 1698 606 et
1748 553 1886 606 infra

188 626 425 680 dolorem
476 625 599 695 erit3
644 625 793 679 vides
833 629 1034 694 autem,
1082 643 1243 694 quam
1282 626 1479 678 malam
1518 629 1571 679 et
1606 627 1885 680 noxiosam

188 700 501 754 servitutem
552 700 846 753 serviturus
886 701 956 752 sit
962 741 976 768 7
1017 717 1175 769 quem
1213 699 1516 769 voluptates
1556 699 1885 770 doloresque,

188 774 543 829 incertissima
581 773 819 827 dominia
857 773 1414 844 inpotentissimaque‚
1464 775 1680 828 alternis
1719 775 1888 844 possi-

126 861 155 902 5
189 848 414 903 debunt:
461 867 590 920 ergo
639 848 939 902 exeundum
986 848 1052 901 ad
1089 848 1392 902 libertatem
1431 851 1526 902 est.
1601 849 1740 903 hanc
1777 867 1889 906 non
1922 872 1963 904 ιο

187 924 294 977 alia
337 941 422 978 res
468 923 658 977 tribuit
705 941 864 992 quam
904 922 1153 976 fortunae
1191 923 1551 995 neglegentia:
1596 926 1714 977 tum
1751 923 1887 977 illud

187 999 389 1052 orietur
426 997 814 1052 inaestimabile
853 997 1077 1066 bonum,
1117 997 1267 1067 quies
1299 997 1493 1051 mentis
1524 997 1583 1050 in
1612 1001 1732 1051 tuto
1766 1016 1887 1052 con-

184 1073 393 1126 locatae
425 1076 480 1126 et
510 1072 809 1126 sublimitas
834 1072 1177 1142 expulsisque
1201 1072 1467 1126 erroribus
1492 1090 1558 1125 ex
1581 1072 1888 1143 cognitione

184 1147 300 1200 veri
330 1146 588 1218 gaudium
621 1146 822 1218 grande
854 1149 908 1200 et
931 1146 1216 1200 immotum
1240 1147 1570 1215 comitasque
1595 1150 1649 1200 et
1672 1146 1886 1200 diffusio

186 1221 373 1291 animi,
429 1221 624 1291 quibus
680 1220 1032 1275 delectabitur
1082 1239 1193 1274 non
1245 1224 1307 1274 ut
1360 1221 1516 1274 bonis
1566 1221 1659 1274 sed
1711 1224 1774 1275 ut
1822 1240 1889 1275 ex
1925 1241 1965 1272 15

184 1295 329 1350 bono
369 1313 467 1349 suo
508 1296 654 1349 ortis.

48 1368 52 1375 ’
128 1382 151 1423 1
335 1368 402 1424 V.
465 1368 730 1433 Quoniam
769 1368 1058 1423 liberaliter
1092 1386 1247 1440 agere
1279 1368 1455 1439 coepi,
1492 1372 1670 1439 potest
1700 1370 1886 1424 beatus

186 1443 292 1498 dici
324 1443 419 1513 qui
447 1462 547 1498 nec
578 1443 727 1513 cupit
756 1461 855 1497 nec
885 1442 1039 1496 timet
1068 1442 1326 1497 beneficio
1355 1443 1602 1512 rationis,
1633 1443 1887 1514 quoniam

185 1520 238 1571 et
285 1534 413 1571 saxa
458 1517 651 1571 timore
698 1520 753 1571 et
797 1516 1018 1571 tristitia
1062 1521 1245 1571 carent
1281 1535 1380 1572 nec
1418 1517 1595 1571 minus
1633 1518 1889 1588 pecudes3

184 1610 295 1645 non
343 1591 464 1645 ideo
518 1595 700 1646 tamen
746 1591 1031 1662 quisquam
1069 1591 1247 1646 felicia
1284 1592 1500 1662 dixerit,
1546 1591 1738 1662 quibus
1776 1611 1887 1646 non
1921 1615 1962 1647 20

124 1678 151 1718 2
187 1669 267 1720 est
318 1666 591 1721 felicitatis
641 1667 958 1721 intellectus.
1036 1666 1222 1720 eodem
1274 1667 1395 1720 loco
1441 1685 1581 1736 pone
1627 1667 1886 1736 homines,

187 1758 322 1811 quos
384 1741 442 1794 in
500 1759 784 1794 numerum
845 1758 1102 1811 pecorum
1151 1744 1204 1795 et
1256 1741 1628 1795 inanimalium
1681 1741 1886 1813 redegit

185 1815 347 1869 hebes
386 1818 579 1869 natura
617 1818 671 1869 et
708 1815 976 1887 ignoratio
1017 1815 1115 1869 sui.
1175 1815 1314 1869 nihil
1350 1815 1571 1870 interest
1608 1815 1748 1870 inter
1784 1815 1884 1870 hos

186 1893 240 1943 et
278 1890 396 1960 illa,
434 1890 689 1960 quoniam
720 1890 830 1947 illis
858 1890 1008 1944 nulla
1037 1889 1174 1943 ratio
1206 1893 1310 1960 est,
1345 1889 1430 1944 his
1462 1908 1628 1960 prava
1659 1893 1711 1944 et
1742 1891 1883 1944 malo

186 1982 284 2018 suo
324 1967 485 2035 atque
523 1964 581 2018 in
610 1982 919 2034 perversum
951 1964 1160 2035 sollers3
1197 1964 1386 2019 beatus
1418 1964 1561 2018 enim
1592 1964 1697 2019 dici
1726 1983 1884 2019 nemo
1916 1983 1958 2017 ιε

125 2050 152 2090 3
185 2041 366 2109 potest
415 2041 565 2093 extra
613 2038 891 2093 veritatem
937 2039 1220 2110 proiectus.
1295 2039 1452 2093 beata
1490 2039 1767 2110 ergoffvita
1805 2043 1886 2093 est

185 2115 242 2166 in
278 2116 425 2167 recto
466 2116 717 2183 certoque
755 2113 953 2167 iudicio
994 2113 1230 2170 stabilita
1268 2117 1321 2167 et
1351 2113 1694 2167 inmutabilis.
1755 2117 1886 2168 tunc

185 2187 328 2240 enim
378 2206 516 2256 pura
564 2206 714 2241 mens
761 2191 844 2241 est
891 2191 947 2241 et
999 2189 1177 2242 soluta
1226 2188 1475 2242 omnibus
1521 2188 1699 2257 malis,
1749 2207 1885 2258 quae

185 2280 297 2315 non
325 2264 538 2315 tantum
561 2262 909 2316 lacerationes
934 2262 1026 2316 sed
1050 2263 1212 2316 etiam
1235 2262 1599 2316 vellicationes
1624 2263 1886 2333 effugerit,

336 2392 363 2437 1
394 2391 519 2436 hunc
547 2429 555 2438 .
582 2427 593 2438 .
619 2428 628 2437 .
653 2394 709 2437 ut
740 2393 822 2450 qui
849 2392 986 2439 Gertz
1015 2393 1105 2438 hoc
1130 2427 1140 2438 .
1171 2429 1180 2438 .
1206 2429 1216 2439 .
1240 2395 1296 2438 ut
1326 2406 1446 2450 quae
1477 2394 1524 2438 A
1559 2393 1566 2453 Ι
1619 2392 1675 2438 11
1707 2392 1886 2438 tribuet

189 2451 326 2496 Gertz
360 2452 365 2510 1
402 2451 716 2509 neglegentia.
764 2458 817 2498 ta
839 2453 910 2498 Α15
938 2452 955 2512 Η
985 2452 1044 2497 12
1068 2452 1325 2498 collocatae
1347 2454 1461 2511 voly.
1487 2466 1540 2498 co
1594 2453 1747 2498 ocata.
1772 2452 1841 2498 A²
1868 2453 1885 2512 ΙΙ

186 2510 246 2555 13
278 2510 510 2556 erroribus
534 2513 796 2557 Pincianus
825 2511 1080 2556 terroribus
1104 2513 1151 2557 A
1172 2511 1190 2572 ΙΙ
1219 2511 1277 2557 18
1299 2513 1355 2557 de
1377 2526 1467 2558 usn
1483 2513 1748 2569 particulae
1771 2526 1883 2568 quo-

185 2569 316 2613 niam
347 2570 430 2625 cfr.
458 2585 572 2627 quae
603 2571 858 2627 disputavit
889 2571 1025 2616 Gertz
1054 2572 1173 2616 stad.
1197 2573 1296 2617 crit.
1322 2586 1371 2628 p.
1398 2575 1485 2617 124
1517 2577 1560 2617 et
1588 2572 1691 2617 Joh.
1710 2571 1884 2617 Maller

184 2629 238 2673 in
269 2630 386 2674 actis
408 2629 556 2676 Acad.
583 2630 772 2675 Vindob.
800 2633 917 2675 1894
950 2630 1143 2675 ΟΧΧΧ
1161 2645 1211 2688 p.
1237 2634 1266 2675 5
1303 2630 1320 2690 ΙΙ
1361 2630 1418 2675 19
1456 2632 1504 2676 et
1541 2631 1739 2675 tristitia
1769 2630 1880 2688 voly.

187 2701 274 2733 nec
303 2688 503 2733 tristitia
526 2689 595 2734 A¹
624 2691 743 2735 inter
774 2703 890 2747 quae
920 2690 1058 2735 verba
1087 2704 1122 2735 s.
1146 2704 1186 2736 v.
1218 2693 1251 2733 fi
1281 2690 1388 2735 add.
1413 2705 1470 2735 m.
1495 2704 1650 2736 recens
1677 2690 1694 2750 Η
1723 2689 1782 2734 22
1812 2689 1882 2733 in-

188 2747 465 2792 animalium
488 2749 796 2794 Reitzenstein
827 2748 1102 2793 animalium
1126 2750 1172 2794 A
1201 2749 1217 2809 ΙΙ
1246 2749 1305 2794 23
1335 2750 1570 2807 ignoratio
1595 2749 1664 2795 A¹
1693 2763 1805 2795 corr.
1829 2750 1882 2794 in

187 2807 456 2864 ignorantia
480 2808 551 2853 A⁶
579 2809 658 2854 sed
687 2809 880 2854 alteram
911 2822 940 2853 a
964 2823 1020 2854 ex
1043 2823 1069 2854 o
1100 2823 1212 2854 corr.
1236 2809 1328 2855 vid.
1352 2811 1449 2855 iam
1471 2824 1528 2855 m.
1555 2814 1582 2854 1
1612 2809 1628 2869 Η
1658 2808 1717 2853 25
1747 2809 1882 2854 verba

186 2866 354 2911 beatus
381 2902 389 2912 .
417 2904 426 2913 .
454 2904 464 2914 .
490 2869 649 2925 potest
672 2869 740 2913 A⁶
762 2870 814 2913 in
837 2883 929 2914 ras.
953 2870 1158 2926 scripsit,
1181 2883 1237 2914 m.
1264 2874 1289 2914 1
1322 2870 1552 2926 scriptura
1574 2870 1717 2926 plane
1747 2882 1879 2914 erasa
