2034 3086
210 63 283 119 58
540 62 592 107 L.
615 62 854 107 ANNAEI
885 61 1160 108 SENECAE
1193 62 1351 108 DIAL.
1376 63 1488 108 Lm.
1513 62 1591 110 111.

152 199 179 240 3
212 185 506 254 stravitque
545 185 724 254 obvia,
764 184 839 238 ita
878 180 1099 255 saepius¹
1129 185 1232 239 sibi
1272 185 1435 243 exitio
1475 189 1567 239 est.
1639 183 1916 240 Germanis

212 260 341 330 quid
380 263 461 313 est
498 227 828 314 animosius?
903 260 1033 330 quid
1082 259 1150 312 ad
1189 260 1462 315 incursum
1501 260 1710 314 acrius?
1786 262 1916 330 quid

211 352 481 388 armorum
539 335 808 405 cupidius,
863 335 1058 404 quibus
1117 335 1468 389 innascuntur
1528 335 1917 389 innutriuntur·

212 428 336 480 que,
370 426 599 479 quorum
629 410 789 463 unica
819 409 927 463 illis
967 428 1094 463 cura
1133 412 1214 464 est
1252 411 1309 463 in
1339 411 1446 464 alia
1474 410 1917 482 neglegentibus?

213 484 342 555 quid
365 484 665 539 induratius
690 484 757 537 ad
781 502 995 538 omnem
1027 485 1365 555 patientiam,
1403 488 1464 538 ut
1496 486 1690 555 quibus
1722 503 1916 556 magna

211 559 1595 705 ἓέιῖξὲζᾱῖῖῖωῗΐέἰξὲἷίηὲοξὲἓῒῗῖςὲἷὲἒῗ
1608 561 1919 688 112¹&ssssss

210 708 443 779 Hispani
482 707 730 778 Gallique
768 712 822 762 et
860 707 1021 762 Asiae
1060 707 1352 780 Syriaeque
1391 710 1581 764 molles
1619 710 1761 763 bello
1801 710 1918 778 viri,

211 787 499 854 antequam
536 784 679 855 legio
720 783 945 853 visatur,
989 784 1219 838 caedunt
1256 784 1324 838 ob
1362 785 1569 838 nullam
1608 785 1768 838 aliam
1806 803 1920 839 rem

211 862 553 989 3320323332
585 859 1056 1004 31ῗέιέἷᾶῗὲἒὲἒὲ
1058 859 1754 1006 Πορίἕθᾷἶῗηᾚῗιξὲΐὲἕ
1756 860 1921 988 {¹333

210 1028 356 1079 nem,
411 1009 479 1062 da
532 1009 895 1079 disciplinam:
949 1012 1011 1062 ut
1055 1009 1135 1064 nil
1184 1010 1416 1080 amplius
1456 1009 1652 1078 dicam,
1706 1027 1920 1063 necesse

212 1084 315 1137 erit
367 1087 508 1138 certe
561 1085 718 1138 nobis
772 1103 946 1138 mores
1002 1082 1274 1138 Romanos
1328 1087 1578 1154 repetere.
1658 1102 1764 1154 quo
1812 1084 1919 1137 alio

211 1158 409 1212 Fabius
467 1158 684 1213 affectas
746 1159 959 1229 imperii
1007 1158 1147 1212 vires
1209 1160 1490 1228 recreavit,
1552 1177 1713 1229 quam
1775 1158 1921 1228 quod

212 1234 453 1288 cunctari
503 1237 556 1287 et
604 1234 814 1287 trahere
869 1238 922 1287 et
968 1234 1165 1287 morari
1205 1235 1348 1302 sciit,
1403 1253 1539 1304 quae
1579 1234 1758 1288 omnia
1797 1233 1921 1286 irati

210 1307 493 1363 nesciunt?
568 1309 800 1379 perierat
849 1309 1156 1379 imperium,
1208 1309 1353 1379 quod
1402 1312 1532 1363 tunc
1579 1309 1636 1362 in
1682 1311 1919 1362 extremo

212 1383 410 1453 stabat,
451 1384 496 1437 si
528 1382 725 1438 Fabius
764 1387 975 1437 tantum
1016 1403 1175 1440 ausus
1215 1387 1355 1437 esset
1393 1387 1654 1454 quantum
1693 1384 1772 1436 ira
1804 1401 1921 1437 sua-

212 1459 392 1513 debat:
442 1458 634 1512 habuit
671 1459 728 1511 in
767 1459 993 1513 consilio
1044 1459 1315 1513 fortunam
1363 1459 1635 1528 publicam
1675 1462 1729 1512 et
1767 1459 1922 1512 aesti-

211 1534 370 1587 matis
408 1534 634 1603 viribus,
674 1552 741 1587 ex
779 1534 974 1603 quibus
1015 1534 1122 1587 iam
1154 1534 1326 1604 perire
1356 1533 1495 1586 nihil
1526 1534 1640 1587 sine
1671 1534 1920 1587 universo

210 1611 444 1679 poterat,
502 1609 742 1663 dolorem
792 1609 1159 1679 ultionemque
1218 1608 1458 1678 seposuit
1507 1608 1563 1661 in
1612 1627 1774 1661 unam
1821 1609 1923 1661 uti·

210 1684 419 1737 litatem
466 1687 520 1737 et
565 1684 872 1738 occasiones
919 1684 1180 1754 intentus3
1233 1684 1367 1736 iram
1414 1686 1536 1736 ante
1582 1683 1714 1737 vicit
1760 1701 1921 1752 quam

154 1769 181 1811 6
211 1757 585 1812 Hannibalem.
664 1759 795 1829 quid
834 1756 1056 1829 Scipio?
1130 1777 1241 1812 non
1286 1758 1475 1812 relicto
1515 1757 1817 1811 Hannibale
1868 1760 1922 1811 et

212 1832 417 1887 Punico
471 1834 710 1888 exercitu
763 1833 1138 1903 omnibusque,
1178 1833 1372 1903 quibus
1413 1833 1747 1887 irascendum
1794 1835 1920 1900 erat,

211 1907 415 1962 bellum
452 1908 511 1961 in
540 1907 782 1963 Africam
819 1909 1097 1962 transtulit
1133 1911 1245 1961 tam
1282 1909 1480 1977 lentus,
1519 1911 1581 1961 ut
1613 1907 1921 1978 opinionem

155 1994 180 2036 '1
211 1983 455 2037 luxuriae
479 1983 845 2054 segnitiaeque
869 1983 1120 2055 malignis
1147 1982 1333 2036 daret?
1387 1982 1517 2053 quid
1544 1983 1679 2036 alter
1703 1980 1923 2051 Scipio?

211 2076 323 2112 non
376 2057 519 2112 circa
555 2056 909 2112 Numantiam
963 2059 1194 2111 multum
1249 2057 1446 2127 diuque
1496 2057 1633 2111 sedit
1678 2059 1732 2110 et
1777 2057 1923 2110 hunc

214 2150 372 2187 suum
409 2132 794 2203 publicumque
832 2131 1076 2186 dolorem
1116 2151 1286 2202 aequo
1319 2133 1498 2186 animo
1530 2132 1680 2200 tulit,
1719 2131 1921 2185 diutius

213 2206 564 2261 Numantiam
620 2224 783 2276 quam
834 2205 1213 2279 Carthaginem
1262 2207 1443 2261 vinci?
1518 2207 1646 2260 dum
1700 2207 1923 2260 circum-

213 2282 382 2335 vallat
434 2285 488 2335 et
540 2281 769 2335 includit
820 2281 1054 2351 hostem,
1109 2301 1172 2336 eo
1220 2283 1486 2352 conpulit,
1536 2284 1598 2335 ut
1636 2281 1777 2334 ferro
1817 2280 1923 2349 ipsi

155 2367 182 2408 8
215 2374 312 2410 suo
353 2357 615 2410 caderent.
669 2374 778 2409 non
819 2359 900 2410 est
938 2356 1119 2426 itaque
1157 2357 1308 2410 utiJis
1346 2375 1414 2409 ne
1453 2357 1510 2409 in
1549 2355 1768 2426 proeliis
1808 2355 1923 2424 qui-

215 2431 336 2484 dem
383 2434 477 2483 aut
516 2431 677 2485 bellis
717 2431 818 2500 ira3
864 2430 922 2483 in
966 2432 1322 2485 temeritatem
1360 2431 1503 2484 enim
1542 2448 1713 2500 prona
1751 2433 1832 2483 est
1870 2431 1925 2482 et

214 2505 474 2576 pericula,
523 2505 652 2559 dum
691 2505 886 2559 inferre
923 2505 1063 2574 vult,
1101 2525 1214 2560 non
1252 2508 1416 2560 cavet.
1494 2506 1589 2558 illa
1628 2504 1924 2558 certissima

216 2583 296 2634 est
318 2580 489 2633 virtus
530 2598 667 2649 quae
706 2600 762 2635 se
801 2581 894 2633 diu
924 2579 1260 2650 multumque
1292 2579 1672 2650 circumspexit
1703 2581 1761 2636 et
1785 2579 1924 2632 rexit

215 2658 270 2708 et
307 2673 374 2709 ex
409 2655 556 2708 lento
596 2673 659 2709 ac
697 2656 962 2710 destinato
1004 2657 1265 2724 provexit

365 2771 395 2817 8
424 2771 500 2816 his
531 2771 648 2830 pani
671 2772 718 2817 A
757 2771 776 2832 ΙΙ
818 2771 878 2817 14
915 2785 1060 2829 supra
1099 2770 1294 2817 affectas
1329 2772 1477 2818 adscr.
1503 2770 1574 2817 A⁸
1598 2769 1641 2816 .i.
1675 2769 1878 2816 afflictas
1907 2769 1924 2829 ΙΙ

217 2829 278 2875 15
306 2832 507 2877 moraris
539 2832 624 2877 ciit
647 2832 694 2877 A
724 2832 900 2877 morari
928 2831 1064 2876 scivit
1093 2833 1237 2890 voly.;
1267 2832 1432 2890 cfr-‚ep
1434 2845 1520 2889 ..p
1537 2833 1642 2887 333,
1660 2834 1743 2886 13;
1775 2833 1876 2884 520,
1894 2833 1923 2874 5

220 2891 377 2938 Heme
404 2891 424 2953 ΙΙ
451 2891 510 2937 21
543 2892 813 2937 occasiones
845 2902 874 2936 ς
905 2892 1164 2937 occasionis
1188 2893 1234 2937 A
1264 2891 1282 2951 Η
1310 2891 1371 2936 33
1402 2891 1522 2936 rexit
1546 2891 1592 2936 A
1622 2891 1742 2935 texit
1774 2901 1803 2934 ς

1952 877 1994 910 10

1953 1250 1996 1283 15

1954 1625 1997 1658 20

1954 1997 1997 2030 25

1954 2369 1999 2403 30
