2028 3106
62 924 106 957 10

60 1298 103 1331 15

159 108 244 154 AD
267 108 549 155 HELWAM
573 108 839 153 MATREM
862 108 944 153 DE
968 105 1430 155 CONSOLATIONE
1455 104 1584 151 GAP.
1604 110 1658 150 18
1728 109 1835 163 367

135 250 254 285 rare
292 231 537 300 tristitia3
582 231 722 283 nihil
759 234 871 284 tam
910 249 1188 303 magnum,
1232 228 1374 284 nihil
1410 229 1522 280 tam
1560 245 1743 281 recens
1783 229 1840 282 in

136 307 453 377 cuiusquam
505 308 721 375 pectore
774 305 928 374 furit,
981 306 1126 375 quod
1177 321 1288 358 non
1339 301 1694 357 circumfusus
1749 303 1840 356 ille

1980 206 1988 266 ἓ

1972 301 1981 389 ὲ

136 382 479 451 permulceat.
558 380 709 433 cuius
763 398 874 433 non
926 382 1174 435 lacrimas
1227 378 1373 432 illius
1426 376 1671 430 hilaritas
1719 395 1841 446 sup·
1871 391 1898 431 5

135 454 370 526 primat?
443 454 594 508 cuius
648 472 760 507 non
813 459 1147 509 contractum
1193 451 1553 508 sollicitudine
1599 451 1840 505 animum

136 531 284 583 illius
329 529 570 600 argutiae
617 528 865 582 solvant?
941 548 1099 600 quem
1144 546 1257 583 non
1300 528 1359 581 izn
1402 527 1551 580 iocos
1597 526 1844 580 evocabit

137 605 233 658 ffla
278 602 536 659 lascivia?
612 621 771 672 quem
822 623 934 659 non
982 606 1041 658 in
1090 621 1147 658 se
1197 604 1474 658 convertet
1522 603 1577 654 et
1614 600 1844 655 abducet

137 680 364 733 infixum
413 678 835 750 cogitationibus
886 680 981 733 illa
1029 679 1299 733 neminem
1349 677 1608 732 satiatura
1660 693 1843 747 garru-

135 753 298 808 litas?
372 753 500 806 deos
549 770 671 822 010,
716 754 999 825 contingat
1042 754 1189 808 hunc
1232 753 1428 807 habere
1464 752 1621 806 nobis
1661 769 1844 821 super·
1874 763 1901 804 6

137 830 342 882 stiteml
418 828 476 881 in
520 845 607 881 me
655 829 830 882 omnis
878 829 1113 882 fatorum
1159 827 1444 883 crudelitas
1481 827 1682 880 lassata
1721 843 1844 880 con·
1905 853 1924 874 w
1950 846 1964 867 f«

137 905 313 973 sistat3
353 901 614 972 quidquid
652 904 812 956 matri
852 894 1184 958 W
1179 891 1443 973 Ὲῦᾗζῖὶῗ
1441 920 1527 956 me
1557 901 1844 970 transierit,

137 977 399 1048 quidquid
449 978 623 1047 aviae,
672 979 731 1032 in
780 997 877 1032 me.
956 979 1146 1032 floreat
1192 978 1402 1048 reliqua
1449 978 1508 1030 in
1554 994 1652 1031 suo
1700 979 1845 1030 statu

134 1053 314 1106 turba:
351 1052 491 1106 m‘hil
521 1053 587 1107 de
618 1053 869 1121 orbitate,
899 1053 1038 1106 nihil
1069 1054 1134 1107 de
1158 1052 1472 1107 condicione
1495 1070 1615 1106 mea
1638 1070 1844 1121 querar,

134 1127 329 1181 fuerim
376 1131 588 1181 tantum
626 1128 766 1181 nihil
803 1128 1036 1197 amplius
1077 1127 1340 1180 doliturae
1379 1126 1568 1180 domus
1607 1127 1846 1197 piamen·

133 1205 265 1256 tum.
342 1206 465 1257 tene
526 1204 583 1255 in
644 1203 850 1274 gremio
906 1202 1013 1257 cito
1068 1202 1169 1255 tibi
1224 1201 1468 1255 daturam
1521 1204 1844 1272 pronepotes

132 1276 489 1347 Novatillam‚
546 1296 709 1347 quam
767 1278 844 1331 sic
898 1278 955 1330 in
1008 1295 1094 1330 me
1140 1277 1542 1346 transtuleram,
1596 1277 1673 1330 sic
1711 1277 1846 1330 mihi

134 1352 535 1422 adscripseram‚
564 1355 627 1405 ut
656 1356 841 1422 posset
871 1353 1056 1421 videri,
1088 1351 1234 1421 quod
1264 1370 1349 1406 me
1373 1352 1567 1422 amisit,
1599 1353 1845 1421 quamvis

136 1428 285 1481 salvo
332 1430 489 1497 patre
534 1428 768 1497 pupilla3
812 1426 953 1481 hanc
1000 1431 1055 1480 et
1093 1445 1192 1496 pro
1233 1445 1319 1480 me
1358 1426 1546 1498 dilige!
1621 1427 1847 1480 abstulit

135 1502 218 1556 illi
263 1521 436 1572 nuper
482 1502 701 1556 fortuna
746 1506 996 1556 matrem:
1042 1506 1137 1555 tua
1182 1505 1363 1572 potest
1407 1502 1620 1556 efficere
1658 1502 1845 1572 pietas,

134 1581 196 1630 ut
233 1577 529 1647 perdidisse
569 1597 625 1631 se
663 1581 891 1632 matrem
924 1577 1104 1631 doleat
1133 1580 1368 1646 tantum,
1406 1595 1518 1631 non
1549 1580 1604 1631 et
1634 1578 1844 1631 sentiat.

133 1670 278 1706 nunc
327 1670 502 1706 mores
554 1653 667 1706 eius
715 1671 1001 1723 compone,
1050 1670 1195 1706 nunc
1240 1652 1438 1705 forma:
1487 1653 1649 1706 altius
1696 1671 1846 1722 prae·

133 1729 290 1796 cepta
336 1726 687 1797 descendunt,
734 1747 870 1797 quae
917 1728 1113 1781 teneris
1161 1727 1529 1797 inprimuntur
1566 1728 1846 1782 aetatibus.

132 1801 240 1854 tuis
280 1800 560 1855 adsuescat
599 1802 957 1871 sermonibus,
990 1802 1057 1855 ad
1088 1805 1240 1854 tuum
1274 1802 1511 1872 fingatur
1542 1802 1846 1856 arbitrium:

133 1877 365 1929 multum
406 1877 487 1929 illi
527 1877 703 1946 dabis,
743 1877 904 1930 etiam
946 1877 990 1929 si
1029 1877 1169 1930 nihil
1202 1876 1407 1930 dederis
1438 1880 1650 1947 praeter
1672 1895 1845 1931 exem-

134 1951 299 2021 plum.
360 1950 466 2005 hoc
497 1952 597 2004 tibi
630 1955 741 2005 tam
773 1952 1033 2005 sollemne
1065 1950 1306 2005 officium
1337 1969 1436 2022 pro
1461 1951 1696 2006 remedio
1722 1953 1846 2023 erit3

134 2043 245 2079 non
289 2029 470 2097 potest
509 2027 652 2080 enim
693 2025 932 2080 animum
972 2026 1059 2096 pie
1101 2025 1373 2080 dolentem
1412 2045 1444 2081 a
1483 2027 1845 2082 sollicitudine

135 2105 372 2156 avertere
416 2102 523 2155 nisi
570 2105 663 2155 aut
708 2101 848 2156 ratio
888 2104 982 2155 aut
1019 2101 1247 2155 honesta
1286 2102 1586 2172 occupatio,
1661 2121 1846 2157 nume-

134 2194 306 2231 rarem
354 2177 495 2230 inter
541 2196 738 2249 magna
777 2178 977 2231 solacia
1015 2179 1223 2247 patrem
1263 2195 1479 2247 quoque
1517 2180 1695 2248 tuum,
1739 2178 1846 2232 nisi

135 2251 366 2321 abesset3
411 2270 557 2307 nunc
602 2256 785 2307 tamen
831 2270 896 2306 ex
943 2251 1157 2306 adfectu
1203 2255 1298 2306 tuo
1306 2294 1321 2322 ‚
1370 2253 1463 2322 qui
1509 2253 1656 2307 illius
1695 2254 1753 2307 in
1791 2257 1845 2307 te

283 2398 313 2443 2
337 2399 454 2444 furit
477 2399 616 2446 Gertz
647 2399 791 2444 fuerit
814 2400 860 2445 A
892 2400 1113 2445 saevierit
1143 2401 1198 2446 P.
1231 2401 1424 2446 Tkomas
1453 2401 1469 2459 Η
1498 2400 1529 2445 8
1552 2400 1736 2446 ilaritas
1760 2402 1806 2447 A
1828 2402 1845 2462 ΙΙ

135 2456 194 2501 12
225 2457 673 2520 decondici‚sscione
690 2461 735 2506 A
759 2462 891 2517 (eras.
916 2460 1007 2505 vid.
1034 2460 1084 2505 di
1107 2461 1159 2506 in
1181 2461 1319 2506 initio
1341 2461 1448 2516 folii
1468 2463 1528 2506 85
1539 2462 1596 2519 r.)
1625 2461 1630 2520 Ι
1660 2474 1843 2518 querar,

136 2516 304 2562 fuerim
336 2521 501 2577 interp.
529 2519 667 2565 Gertz
698 2532 881 2576 querar.
907 2519 939 2564 f.
964 2520 1079 2578 vola.
1109 2519 1127 2579 11
1158 2520 1216 2565 15
1247 2519 1479 2565 nouatilla
1502 2521 1573 2566 Αὃ
1603 2521 1844 2567 nouatella

135 2582 219 2622 aut
261 2579 490 2625 nouatula
520 2580 589 2625 A¹
629 2580 645 2637 Η
689 2579 747 2624 16
785 2581 944 2637 posset
982 2594 1096 2626 corr.
1129 2594 1187 2625 ex
1216 2593 1378 2638 posses
1403 2581 1531 2627 A¹-²
1561 2581 1712 2638 possit
1743 2582 1841 2628 edd.

134 2638 305 2683 multae
334 2641 349 2697 Η
381 2639 437 2684 17
470 2639 654 2697 pupilla
685 2639 808 2685 hanc
832 2641 877 2686 A
908 2639 1115 2698 pupilla3
1147 2642 1202 2685 tu
1226 2639 1348 2686 hanc
1376 2640 1513 2687 Gertz
1543 2641 1559 2701 Η
1591 2640 1648 2686 18
1672 2642 1844 2701 poltest

136 2710 236 2742 esse
253 2698 321 2743 A¹
338 2702 510 2757 poltest
533 2699 716 2745 efficere
733 2699 804 2746 A¹
826 2706 869 2746 et
889 2700 1093 2746 radendo
1109 2700 1179 2746 A⁶
1200 2700 1217 2760 ΙΙ
1238 2700 1299 2746 20
1322 2715 1446 2746 nunc
1474 2701 1512 2746 8⁶
1535 2715 1687 2746 mores
1711 2702 1781 2748 A¹
1805 2702 1843 2747 ἅτ

131 2759 318 2813 punctis
347 2765 577 2815 notatum,
608 2760 774 2806 deinde
803 2775 985 2806 erasum
1015 2766 1080 2806 eet
1109 2774 1233 2806 nunc
1263 2762 1317 2806 tu
1348 2775 1408 2807 m.
1436 2761 1597 2818 Gertz}
1623 2761 1772 2807 forma
1795 2763 1843 2808 A

137 2816 270 2861 firma
297 2818 433 2864 Gertz
441 2837 458 2874 ;
474 2834 564 2877 pro
588 2834 711 2865 nunc
735 2819 886 2865 forma
910 2820 1137 2867 Schultess
1159 2821 1396 2867 substituit
1419 2821 1628 2866 animum
1652 2822 1804 2867 forma
1827 2823 1843 2882 ΙΙ

134 2875 432 2993 {li-fingatur
462 2882 511 2937 (n
541 2894 576 2926 s.
601 2895 641 2926 v.
666 2880 774 2926 add.
799 2895 856 2925 m.
881 2883 912 2925 2
942 2886 1025 2927 aut
1054 2882 1293 2939 recentior)
1324 2883 1370 2927 A
1411 2882 1428 2941 ΙΙ
1469 2881 1529 2927 28
1568 2882 1650 2940 qui
1682 2883 1843 2929 Haase

204 2951 243 2981 ιο

1878 1213 1903 1252 7

1938 1310 1976 1335 ‘'‘2

1876 1662 1904 1703 ⁸
1969 1639 1989 1771 ῐ

1877 2113 1903 2154 9
