2028 3106
374 50 458 94 AD
490 48 807 95 POLYBIVM
838 50 920 95 DE
952 46 1414 96 CONSOLATIONE
1448 46 1573 94 CAP.
1601 55 1626 94 ‘1
1742 51 1852 105 319

152 172 380 226 servitus
427 174 509 225 est
553 188 750 242 magna
795 171 1027 225 fortuna.
1101 189 1213 226 non
1255 167 1382 223 licet
1427 168 1526 222 tibi
1565 171 1853 241 quicquam
1934 102 1957 226 i

152 247 371 300 arbitrio
411 249 507 300 tuo
546 245 743 299 facere:
787 245 1049 299 audienda
1087 248 1213 300 sunt
1248 245 1332 298 tot
1368 241 1651 298 hominum
1690 245 1854 313 milia,

150 324 236 375 tot
281 320 599 392 disponendi
636 319 830 388 libelli3
875 323 1057 374 tantus
1103 336 1281 375 rerum
1327 335 1394 371 ex
1441 317 1567 370 orbe
1612 322 1727 374 toto
1770 337 1854 374 co-

151 397 395 450 euntium
441 397 728 465 congestus
736 434 753 462 ‚
798 397 859 446 ut
897 395 1067 464 possit
1104 413 1201 465 per
1238 391 1479 447 ordinem
1519 410 1673 448 suum
1713 394 1857 464 prin-

153 471 288 541 cipis
337 469 560 523 maximi
606 467 786 521 animo
835 469 1031 539 subici,
1076 467 1366 542 exigendus
1414 469 1507 519 est.
1583 485 1694 521 non
1730 469 1858 524 licet

151 545 276 615 tibi,
315 545 568 614 inquam,
604 542 755 596 flere:
793 546 854 595 ut
894 544 1095 598 multos
1126 544 1315 599 flentes
1339 540 1530 595 ‘audire
1561 542 1760 613 possis,
1796 547 1858 599 ut

153 618 574 690 periclitantium
622 620 676 671 et
723 616 790 670 ad
837 618 1255 674 misericordiam
1300 614 1575 671 mitissimi
1622 614 1858 672 Caesaris

151 692 436 823 ffigryenirg
464 691 797 820 cupieztium
829 692 1078 748 lacrimas
1103 695 1310 762 siccare,
1338 691 1592 746 lacrimae
1614 690 1715 744 tibi
1737 695 1859 747 tuae

248 785 400 822 iccan
437 786 498 821 ae
537 786 640 821 sun
668 810 678 820 .

302 855 422 910 VII.
461 855 613 910 Haec
650 859 834 910 tamen
872 857 1178 912 etiamnunc
1207 855 1497 911 levioribus
1529 857 1582 908 te
1612 855 1860 909 remediis
1894 874 1917 913 1

154 931 508 1000 adiuvabunt3
592 949 717 984 cum
801 932 949 986 voles
1027 932 1270 986 omnium
1344 948 1525 984 rerum
1603 928 1862 999 oblivisci,

154 1005 432 1059 Caesarem
487 1006 680 1077 cogita.
757 1004 903 1075 vide,
955 1010 1212 1076 quantam
1259 1005 1420 1060 huius
1471 1004 1529 1058 in
1583 1006 1637 1056 te
1690 1003 1862 1056 indul—

153 1081 366 1153 gentiae
413 1080 598 1149 fidem,
651 1083 908 1150 quantam
955 1081 1274 1134 industriam
1320 1080 1535 1134 debeas:
1582 1077 1862 1149 intelleges

152 1173 264 1209 non
303 1156 475 1227 magis
507 1155 608 1209 tibi
638 1155 909 1209 incurvari
939 1156 1100 1209 licere
1132 1173 1294 1224 quam
1325 1155 1430 1224 illi,
1470 1154 1516 1207 si
1549 1153 1668 1223 quis
1700 1152 1862 1206 modo
1942 1152 1973 1216 ?

153 1234 235 1284 est
287 1230 485 1284 fabulis
539 1229 792 1300 traditus,
856 1230 1008 1284 cuius
1062 1229 1260 1283 umeris
1313 1229 1545 1283 mundus
1601 1226 1863 1279 innititur.
1961 1231 1975 1246 “

155 1303 369 1359 Caesari
423 1322 640 1374 quoque
693 1304 823 1375 ipsi,
877 1305 964 1357 cui
1019 1304 1199 1357 omnia
1250 1304 1437 1374 licent,
1491 1305 1715 1374 propter
1759 1301 1864 1355 hoc
1894 1319 1921 1358 2

153 1380 332 1449 ipsum
374 1379 547 1432 multa
583 1397 695 1432 non
732 1380 922 1433 licent:
963 1378 1204 1432 omnium
1244 1396 1461 1433 somnos
1500 1378 1646 1432 illius
1678 1375 1866 1446 vigilia

154 1453 417 1522 defendit,
462 1453 703 1507 omnium
745 1455 918 1508 otium
957 1452 1103 1507 illius
1141 1453 1319 1524 labor,
1365 1454 1607 1507 omnium
1648 1451 1864 1510 delicias

156 1527 302 1581 illius
354 1526 642 1598 industria,
696 1528 939 1582 omnium
987 1529 1320 1583 vacationem
1366 1528 1513 1583 illius
1566 1525 1898 1596 occupatio&

156 1620 222 1656 ex
261 1620 368 1671 quo
410 1619 466 1656 se
500 1601 692 1657 Caesar
731 1602 849 1656 orbi
888 1605 1150 1656 terrarum
1190 1602 1477 1672 dedicavit,
1517 1603 1622 1656 sibi
1654 1599 1866 1671 eripuit,

156 1680 208 1730 et
247 1676 482 1731 siderum
523 1678 710 1748 modo,
749 1695 886 1747 quae
924 1677 1224 1747 inrequieta
1262 1695 1472 1749 semper
1511 1694 1697 1732 cursus
1739 1692 1864 1729 suos

305 1853 332 1898 1
365 1854 556 1900 fortuna
588 1854 628 1900 G
667 1868 729 1911 po
770 1855 832 1909 <=
854 1854 1085 1911 potentia)
1120 1857 1177 1900 H
1215 1861 1219 1913 j
1266 1856 1519 1913 quicquam
1553 1855 1750 1900 arbitrio
1781 1854 1864 1897 tuo

155 1912 312 1957 facere
348 1914 386 1959 Ο
428 1914 645 1971 inquam,
687 1911 785 1957 arb.
818 1914 851 1957 t.
886 1926 1024 1971 agere
1060 1915 1197 1962 Gertz
1236 1916 1254 1975 ΙΙ
1293 1915 1324 1961 5
1362 1915 1621 1974 exigendus
1652 1916 1725 1960 est
1763 1913 1864 1970 (cfr.

157 1986 225 2029 ep.
257 1975 332 2027 86,
355 1977 415 2018 10
422 1990 440 2027 ;
474 1977 547 2028 95,
571 1975 648 2030 57)
690 1973 864 2017 retinui
906 1974 1162 2031 exigendus
1201 1975 1242 2020 is
1280 1977 1352 2021 est
1382 1976 1499 2021 BH
1534 1973 1786 2032 erigendus
1825 1972 1866 2017 is

157 2032 230 2075 est
252 2031 363 2075 DE
399 2031 651 2089 erigendus
681 2033 791 2076 tuus
831 2033 941 2089 (scil.
977 2034 1178 2090 animus)
1213 2036 1285 2080 est
1316 2036 1578 2080 Pincianus
1615 2031 1866 2090 erigendus

157 2090 260 2147 ipse
292 2103 341 2135 es
365 2090 560 2147 Lipsius
591 2091 876 2149 digerendus
907 2091 998 2137 tibi
1030 2095 1102 2138 est
1128 2093 1266 2140 Gertz
1293 2094 1311 2154 ΙΙ
1340 2094 1371 2139 6
1392 2093 1523 2139 flere:
1547 2094 1603 2137 ut
1627 2127 1637 2136 .
1666 2127 1675 2137 .
1699 2091 1866 2149 possis,

156 2151 213 2195 ut
242 2149 344 2196 edd.
369 2155 477 2195 ante
502 2150 788 2196 Gronovium
819 2150 950 2207 flere,
981 2155 1036 2197 ut
1067 2189 1076 2198 .
1104 2189 1112 2198 .
1147 2153 1310 2211 possis.
1358 2153 1424 2199 Ut
1458 2154 1643 2200 Gronov
1680 2151 1697 2211 ΙΙ
1737 2150 1767 2197 8
1798 2151 1867 2196 la-

158 2209 329 2255 crimas
377 2209 554 2254 siccare
600 2223 680 2268 eqo
725 2210 890 2255 addidi
943 2213 1235 2270 cupientium
1287 2213 1514 2260 lacrimae
1566 2210 1658 2256 tibi
1703 2211 1868 2258 BHG

160 2268 452 2328 cupientium
491 2267 718 2314 lacrimae
757 2271 959 2327 possint,
991 2272 1081 2317 tibi
1116 2273 1227 2318 DE
1266 2287 1323 2319 ex
1359 2272 1713 2331 interpolatione
1750 2277 1868 2328 orta,

158 2330 369 2388 quamvis
405 2329 574 2385 Haupt
613 2329 734 2375 hanc
771 2332 1046 2388 scripturam
1084 2332 1302 2388 defendat
1336 2335 1385 2379 et
1414 2330 1788 2390 periclitantium
1820 2333 1868 2377 et

161 2427 170 2435 .
208 2426 217 2435 .
251 2425 260 2435 .
308 2388 599 2446 cupientium
643 2387 862 2434 lacrimas
910 2392 1220 2448 <siccare>‚
1266 2391 1358 2438 tibi
1396 2391 1555 2450 Pauly
1598 2392 1654 2436 ut
1695 2390 1867 2436 multos

159 2449 324 2497 fientes
355 2448 514 2495 videre
544 2448 718 2506 possis,
761 2451 815 2494 ut
855 2486 865 2495 .
900 2448 916 2495 .'
944 2486 954 2496 .
995 2452 1285 2509 cupientium
1324 2452 1567 2506 lacrimae,
1606 2449 1699 2495 tibi
1733 2450 1868 2498 Gertz

159 2512 215 2555 ut
243 2509 418 2555 multos
450 2506 588 2553 fletus
621 2508 785 2554 audire
816 2511 967 2567 possis
998 2514 1071 2557 tot
1093 2511 1467 2570 periclitantium
1492 2512 1541 2555 et
1566 2545 1575 2555 .
1603 2544 1612 2554 .
1641 2546 1650 2555 .
1677 2510 1868 2567 cupien-

159 2570 302 2625 tium,
333 2568 562 2615 lacrimae
592 2566 684 2613 tibi
707 2568 936 2617 Schultess
966 2571 1257 2629 cupientium
1287 2571 1514 2618 lacrimae
1538 2569 1723 2627 possint
1753 2572 1866 2629 (scil.

160 2630 442 2732 fenenne),
474 2627 566 2674 tibi
590 2628 760 2674 Mueck
789 2629 806 2689 ΙΙ
835 2630 865 2675 9
896 2631 1172 2677 assicandae
1197 2632 1244 2678 Β
1283 2632 1290 2691 Ι
1320 2632 1379 2678 10
1409 2629 1667 2676 leuioribus
1690 2632 1738 2676 te
1760 2631 1873 2678 DE

180 2688 417 2735 enioribus
442 2689 557 2735 BH
599 2689 605 2747 Ι
643 2687 702 2733 12
732 2689 830 2735 inte
854 2691 969 2736 BH
993 2691 1093 2737 uite
1116 2692 1229 2737 DE
1260 2692 1266 2751 1
1316 2692 1375 2738 15
1404 2690 1610 2736 traditus
1633 2691 1748 2736 ΒΗ
1773 2692 1869 2737 tra-

163 2748 290 2794 ditus
321 2749 458 2795 fauor
488 2749 539 2795 D
633 2748 651 2807 ΙΙ
693 2748 748 2794 17
790 2764 975 2796 somnos
1005 2751 1262 2798 Scriverius
1303 2752 1467 2797 domos
1503 2751 1542 2796 Ο
1593 2750 1598 2809 Ι
1639 2749 1698 2795 19
1727 2764 1869 2797 uaca-

161 2807 338 2853 tionem
371 2810 484 2855 DE
518 2808 844 2854 euacatiouem
877 2811 934 2855 H
967 2811 1292 2857 euocationem
1322 2812 1370 2857 Β
1468 2809 1528 2855 20
1594 2809 1802 2858 edicauit
1833 2813 1872 2859 Ο

163 2866 424 2914 declinauit
447 2869 494 2915 B
530 2872 535 2929 ι
572 2866 664 2914 sibi
688 2868 728 2915 0
756 2881 805 2914 se
838 2867 929 2916 sibi
952 2871 1003 2916 D
1034 2870 1120 2927 cfr.
1148 2870 1286 2918 Gertz
1426 2906 1435 2916 .
1460 2870 1560 2916 crit.
1586 2882 1636 2928 p.
1662 2874 1749 2918 165
