2034 3086
51 858 94 891 1⁰

51 1229 92 1263 1⁶

350 50 435 95 AD
466 48 749 95 MARCIAM
778 48 861 94 DE
893 47 1358 95 CONSOLATIONE
1390 47 1518 95 CAP.
1546 53 1601 94 10
1717 51 1825 105 163

126 172 417 243 spiciamus
465 174 742 240 tamquam
791 169 932 224 inter
978 172 1165 224 nostra
1212 169 1399 240 positi:
1449 174 1639 225 mutua
1683 188 1826 226 acce·

125 247 328 318 pimus,
395 262 523 299 usus
567 244 883 315 fructusque
919 248 1104 299 noster
1141 247 1243 314 est,
1289 243 1442 298 cuius
1481 249 1696 315 tempus
1735 245 1827 300 ille

126 322 325 375 arbiter
361 319 597 373 muneris
636 318 722 373 sui
758 321 1045 390 temperat3
1081 336 1182 373 nos
1222 321 1437 389 oportet
1473 318 1532 372 in
1569 323 1828 390 promptu

125 395 324 450 habere
364 411 501 463 quae
545 393 694 464 <in>
739 393 1005 448 incertum
1045 394 1186 447 diem
1225 393 1352 448 data
1389 396 1517 447 sunt
1553 397 1609 447 et
1645 394 1827 464 appel·

124 470 264 525 latos
302 467 418 523 sine
455 468 696 539 querella
730 467 970 522 reddere:
1009 468 1231 538 pessimi
1261 468 1519 523 debitoris
1551 471 1633 523 est
1663 467 1827 524 credi-

125 544 232 599 tori
280 543 456 598 facere
504 542 824 598 convicium.
909 561 1094 598 omnes
1144 560 1273 615 ergo
1319 546 1559 613 nostros,
1598 546 1654 597 et
1691 561 1826 613 quos

125 618 439 689 superstites
486 619 607 704 lege
654 617 909 674 nascendi
958 620 1207 689 optamus
1247 620 1302 672 et
1340 634 1476 688 quos
1514 618 1829 688 praecedere

124 693 480 748 iustissimum
526 693 770 763 ipsorum
818 696 1007 747 votum
1057 696 1159 763 est,
1209 692 1287 748 sic
1335 711 1514 747 amare
1559 692 1831 763 debemus,

123 772 399 839 tamquam
447 768 588 822 nihil
634 767 791 822 nobis
841 767 908 821 de
953 767 1335 838 perpetuitate,
1379 767 1548 822 immo
1586 767 1726 821 nihil
1763 767 1828 822 de

123 843 476 898 diuturnitate
513 859 699 896 eorum
736 842 1064 912 promissum
1105 843 1189 896 sit.
1266 859 1423 912 saepe
1461 842 1828 897 admonendus

123 921 206 972 est
253 918 488 986 88118118,
535 918 680 970 amet
735 920 799 971 ut
850 934 1145 986 recessura,
1196 915 1363 970 immo
1417 919 1697 986 tamquam
1751 935 1829 971 re-

124 992 386 1047 cedentia:
454 990 714 1061 quicquid
767 1010 800 1045 8
852 991 1071 1046 fortuna
1130 991 1316 1045 datum
1378 993 1482 1060 est,
1550 994 1828 1062 tamquam

124 1069 372 1137 exempto
426 1069 646 1120 auctore
699 1065 990 1136 possideas.
1072 1065 1244 1136 rapite
1294 1084 1360 1120 ex
1407 1065 1592 1120 liberis
1639 1067 1829 1137 volup-

122 1144 283 1210 tates,
326 1140 583 1195 fruendos
621 1158 719 1195 vos
757 1141 815 1194 in
852 1141 1025 1195 vicem
1065 1141 1250 1195 liberis
1289 1140 1412 1194 date
1451 1144 1507 1195 et
1544 1140 1659 1195 sine
1698 1140 1829 1195 dila-

121 1215 270 1269 tione
309 1233 469 1270 omne
506 1214 764 1300 gaudium
802 1215 1037 1285 haurite3
1084 1214 1225 1269 nihil
1262 1213 1327 1268 de
1365 1215 1626 1269 hodierna
1670 1218 1829 1270 nocte

122 1290 461 1360 promittitur
504 1321 576 1329 —
621 1289 783 1343 nimis
830 1307 1081 1360 magnam
1128 1288 1536 1343 advocationem
1579 1289 1703 1344 dedi
1740 1321 1829 1360 —‚

121 1364 260 1418 nihil
298 1364 364 1418 de
400 1363 504 1419 hac
540 1364 687 1418 hora.
765 1363 1129 1418 festinandum
1169 1365 1271 1433 est,
1310 1363 1544 1416 instatur
1581 1382 1614 1416 a
1650 1367 1829 1435 tergo:

123 1439 230 1492 iam
284 1438 559 1492 disicietur
611 1438 713 1492 iste
771 1438 1059 1492 comitatus
1067 1479 1082 1508 ‚
1143 1437 1251 1492 iam
1314 1437 1665 1492 contubernia
1725 1439 1830 1492 ista

123 1513 334 1567 sublato
374 1513 610 1567 clamore
648 1514 937 1567 solventur.
1000 1513 1190 1584 rapina
1226 1531 1405 1567 rerum
1446 1512 1687 1567 omnium
1726 1515 1829 1567 est:

123 1587 306 1642 miseri
342 1588 562 1643 nescitis
601 1588 659 1642 in
697 1588 829 1660 fuga
866 1588 1068 1642 vivere!

274 1661 333 1717 Si
372 1666 647 1717 mortuum
693 1663 793 1717 tibi
838 1662 1013 1716 filium
1053 1662 1225 1732 doles,
1265 1662 1379 1717 eius
1418 1663 1679 1732 temporis
1719 1640 1825 1733 quo

123 1741 282 1792 natus
333 1741 415 1792 est
463 1738 667 1791 crimen
716 1740 820 1806 est3
869 1754 1014 1790 mors
1065 1736 1209 1790 enim
1257 1737 1340 1790 1111
1386 1736 1701 1791 denuntiata
1737 1756 1828 1790 na·

123 1812 293 1867 scenti
331 1815 435 1881 est3
473 1812 531 1865 in
567 1811 708 1866 hanc
745 1812 920 1884 legem
959 1816 1072 1866 erat
1109 1814 1278 1881 satus,
1317 1812 1424 1866 hoc
1461 1812 1617 1866 illum
1654 1811 1828 1865 fatum

124 1885 190 1939 ab
228 1889 381 1940 utero
421 1886 606 1940 statim
644 1886 1080 1957 prosequebatur.
1143 1886 1200 1939 in
1237 1903 1466 1957 regnum
1496 1886 1743 1940 fortunae
1775 1889 1830 1940 et

125 1959 340 2030 quidem
381 1961 574 2015 durum
614 1964 776 2032 atque
815 1962 1076 2015 invictum
1115 1961 1479 2031 pervenimus,
1514 1959 1660 2015 illius
1692 1960 1829 2015 arbi-

273 2091 300 2136 1
338 2092 484 2149 positi
516 2094 561 2138 A
598 2092 778 2150 positos
810 2092 862 2137 F
896 2091 913 2150 11
952 2090 982 2136 4
1020 2103 1142 2148 quae
1180 2090 1232 2135 in
1267 2091 1501 2137 incertum
1533 2092 1585 2138 F
1612 2097 1654 2138 et
1683 2092 1772 2137 alii
1801 2102 1830 2137 s·

125 2163 246 2208 quae
275 2150 508 2197 incertum
531 2153 578 2198 A
607 2152 624 2212 ΙΙ
653 2151 684 2197 6
715 2165 831 2209 quos
862 2151 1138 2209 superstites
1161 2161 1190 2195 ς
1220 2151 1347 2208 quod
1378 2165 1421 2196 8-
1445 2152 1491 2197 A
1521 2151 1526 2210 Ι
1567 2151 1598 2197 8
1628 2151 1830 2197 iustissi-

124 2224 252 2255 mum
275 2210 484 2269 ipsorum
507 2213 672 2257 uotum
697 2222 726 2256 ς’
754 2211 1039 2256 iustissimus
1062 2210 1272 2268 ipsorum
1294 2210 1479 2256 uoltum
1575 2211 1592 2271 ΙΙ
1618 2210 1676 2257 11
1702 2213 1833 2257 amet

124 2272 183 2316 ut
220 2283 460 2316 recessura
490 2281 519 2315 s·
564 2273 723 2316 ametu
770 2271 851 2317 ire.
899 2283 1087 2316 cessura
1116 2270 1163 2316 A
1207 2269 1225 2329 ΙΙ
1278 2269 1338 2316 18
1375 2272 1593 2329 exempto
1637 2272 1829 2317 auctore

128 2330 325 2389 Madv-'9
368 2329 632 2400 exemplum
676 2332 869 2376 auctore
899 2332 946 2377 A
992 2329 1256 2387 exemplum
1296 2329 1358 2375 ab
1399 2333 1590 2376 auctore
1623 2331 1677 2377 F
1708 2332 1832 2401 quod

126 2388 353 2436 Schultess
382 2391 435 2436 in
463 2390 587 2435 hunc
615 2390 799 2436 modum
829 2391 1050 2448 explicat:
1082 2390 1271 2435 librum
1293 2392 1376 2448 qui
1398 2392 1527 2446 emit,
1549 2391 1755 2448 possidet
1776 2393 1830 2436 in

124 2454 417 2506 pemetwum;
461 2450 1662 2507 cusabauctoreexemphuncmnmodatumest,
1702 2450 1831 2497 debet

127 2507 246 2566 quod
282 2515 519 2555 mutatus
557 2514 642 2564 est,
679 2510 1042 2567 quandocumque
1070 2509 1144 2555 illi
1174 2509 1353 2566 libebit,
1386 2510 1602 2556 reddere?
1663 2523 1828 2567 excep-

125 2569 227 2612 tum
259 2570 442 2615 auctori
476 2569 659 2615 Gronov
697 2570 966 2628 exemptum
1006 2568 1188 2615 auctori
1217 2569 1459 2616 Klammer
1498 2570 1515 2630 ΙΙ
1555 2569 1616 2616 14
1651 2584 1737 2616 1108
1771 2584 1829 2616 ex

128 2639 235 2672 suos
271 2640 386 2674 corr.
417 2629 510 2675 md.
542 2643 595 2675 m
624 2630 671 2675 A
711 2630 728 2689 ΙΙ
769 2629 829 2675 lc
866 2628 1227 2675 aduocationem
1261 2630 1308 2675 A
1351 2633 1475 2700 (nem
1509 2644 1545 2676 8.
1570 2644 1609 2676 v
1635 2630 1743 2676 add.
1768 2644 1825 2699 m:

132 2689 269 2743 1—2)
297 2688 315 2745 ΙΙ
344 2686 404 2734 18
433 2689 530 2734 1818
562 2689 807 2735 disicietur
829 2702 857 2737 ς
887 2690 987 2734 tam
1019 2689 1113 2735 dis·
1136 2689 1182 2735 A
1223 2688 1230 2748 Ι
1257 2687 1318 2734 20
1340 2690 1500 2743 miseri
1522 2691 1569 2736 A
1600 2689 1760 2735 miseri
1787 2689 1827 2735 si

129 2746 411 2793 Cornelissen
457 2749 464 2807 Ι
510 2749 1072 2807 inmipsoversuadd.
1098 2747 1209 2806 ΔἸ
1259 2747 1598 2796 2118011814ι
1628 2763 1741 2796 corr.
1767 2764 1825 2794 m

131 2806 299 2911 l-tmu
326 2805 386 2911 2t8
417 2810 636 2925 <lyei-at>
669 2810 799 2854 satus
830 2809 1056 2855 Schultess
1086 2807 1226 2854 datus
1249 2809 1296 2855 A
1327 2810 1468 2855 natus
1498 2814 1583 2856 aut
1612 2809 1768 2856 editus
1800 2819 1828 2853 ς

129 2878 191 2910 ua
297 2878 345 2911 08
397 2880 452 2912 vo

1381 2959 1466 3002 11·
