2034 3086
532 40 613 85 DE
644 40 751 85 IRA
782 39 893 86 LIB.
918 38 975 85 11.
1031 37 1159 84 CAP.
1187 43 1255 85 15.
1284 43 1352 84 16.
1382 42 1435 82 ιτ
1765 38 1835 92 87

135 165 282 220 caelo
321 164 562 216 utuntur.
637 162 696 216 in
740 162 944 234 frigora
989 160 1535 232 septemtrionemque
1573 158 1838 231 vergenti-

136 241 236 294 bus
272 239 612 292 inmansueta
648 237 866 308 ingenia
903 238 1053 306 sunt,
1090 238 1153 289 ut
1190 235 1267 289 ait
1304 237 1489 305 poeta,

670 351 847 395 suoque
879 337 1122 382 simillima
1153 335 1298 381 caelo.

282 427 424 484 XVI.
488 427 803 484 ‘Animalia'
853 429 1030 497 inquit
1080 427 1520 499 ‘generosissima
1556 426 1839 496 habentur,
1872 441 1894 480 1

81 524 103 558 ε
136 507 330 580 quibus
369 504 599 557 multum
639 506 782 559 inest
819 503 962 558 irae?
1025 505 1167 556 errat
1206 501 1299 571 qui
1338 520 1401 555 ea
1437 501 1496 555 in
1531 502 1837 572 exemplum

133 579 367 636 hominis
414 578 655 649 adducit,
701 579 897 650 quibus
936 595 1034 648 pro
1073 576 1281 630 ratione
1320 578 1403 629 est
1439 575 1698 645 impetus:
1744 576 1838 630 ho-

134 655 267 710 mini
303 671 402 724 pro
442 653 648 723 impetu
684 655 824 708 ratio
865 656 960 707 est.
1026 652 1119 706 sed
1157 669 1224 705 ne
1262 650 1370 704 illis
1411 649 1628 720 quidem
1669 650 1839 704 omni-

134 731 234 784 bus
286 728 428 782 idem
483 728 725 797 prodest:
797 727 1073 783 iracundia
1131 727 1314 780 leones
1370 724 1610 794 adiuvat,
1670 743 1840 794 pavor

133 820 342 872 cervos,
402 802 714 872 accipitrem
775 803 1034 875 impetus,
1092 801 1397 856 columbam
1456 799 1600 871 fuga.
1693 798 1840 869 quid,
1871 812 1896 853 2

59 897 102 930 ιο
134 877 278 949 quod
316 896 384 932 ne
423 877 558 931 illud
598 878 815 948 quidem
847 896 1034 933 verum
1067 881 1172 946 est,
1202 875 1409 947 optima
1439 873 1692 928 animalia
1723 890 1838 927 esse

132 952 575 1008 iracundissima?
635 953 775 1007 feras
815 957 1026 1024 putem,
1065 952 1260 1022 quibus
1293 970 1360 1005 ex
1387 953 1548 1021 raptu
1584 949 1840 1003 alimenta

134 1031 283 1096 sunt,
336 1027 584 1080 meliores
640 1045 747 1097 quo
802 1028 1070 1097 iratiores3
1131 1026 1447 1097 patientiam
1508 1022 1838 1079 laudaverim

135 1104 298 1157 boum
337 1104 392 1154 et
431 1119 692 1170 equorum
732 1102 912 1156 frenos
954 1101 1310 1172 sequentium.
1373 1100 1502 1170 quid
1542 1102 1624 1153 est
1658 1102 1838 1153 autem

134 1197 230 1233 cur
275 1175 551 1230 hominem
603 1177 669 1230 ad
718 1180 830 1231 tam
876 1176 1113 1231 infelicia
1152 1176 1399 1246 exempla
1436 1192 1677 1245 revoces,
1717 1191 1838 1228 cum

59 1268 103 1303 ιε
134 1252 330 1307 habeas
369 1250 631 1305 mundum
671 1252 963 1322 deumque,
1002 1269 1163 1320 quem
1203 1269 1270 1304 ex
1308 1250 1558 1304 omnibus
1598 1248 1840 1303 animali-

133 1329 258 1396 bus,
287 1328 350 1379 ut
379 1326 527 1379 solus
559 1326 824 1395 imitetur,
855 1326 1002 1379 solus
1035 1324 1339 1396 intellegit?
1402 1322 1839 1394 ‘simplicissimi'
1872 1335 1899 1375 3

133 1400 311 1471 inquit
348 1399 617 1454 ‘omnium
655 1400 926 1453 habentur
962 1398 1239 1453 iracundi?
1307 1398 1663 1451 fraudulentis
1697 1398 1840 1452 enim

132 1480 187 1531 et
223 1475 452 1529 versutis
493 1478 856 1545 conparantur
894 1476 948 1527 et
987 1473 1257 1543 simplices
1290 1471 1563 1541 videntur,
1593 1472 1719 1541 quia
1754 1490 1840 1525 ex-

133 1549 296 1624 positi
346 1552 485 1603 sunt.
565 1566 701 1618 quos
749 1547 966 1620 quidem
1012 1565 1124 1601 non
1170 1546 1440 1615 simplices
1481 1546 1706 1600 dixerim
1747 1546 1841 1618 sed

59 1641 104 1675 ιο
135 1628 390 1681 incautos.
468 1622 673 1691 stultis,
720 1621 1011 1675 luxuriosis
1057 1621 1453 1690 nepotibusque
1499 1622 1604 1676 hoc
1642 1639 1841 1675 nomen

134 1700 442 1774 inponimus
482 1701 537 1752 et
575 1696 825 1751 omnibus
865 1695 1011 1749 vitiis
1050 1714 1239 1766 pamm
1282 1695 1504 1750 callidis.

282 1773 451 1831 XVII.
522 1770 768 1827 ‘Orator’
824 1770 1003 1841 inquit
1056 1770 1251 1825 ‘iratus
1306 1770 1595 1841 aliquando
1650 1772 1842 1827 melior
1875 1786 1897 1826 1

134 1851 251 1906 est?
311 1851 476 1905 immo
516 1847 756 1902 imitatus
797 1845 1018 1915 iratum3
1055 1864 1181 1899 nam
1222 1849 1277 1900 et
1309 1846 1599 1902 histriones
1632 1847 1688 1901 in
1720 1865 1840 1918 pro·

134 1926 431 1981 nuntiando
471 1942 582 1979 non
619 1920 740 1976 irati
779 1921 1042 1990 populum
1076 1925 1319 1992 movent,
1350 1921 1443 1976 sed
1475 1922 1672 1976 iratum
1705 1922 1840 1976 bene

61 2009 105 2044 ²⁸
136 2004 378 2071 agentee3
426 2004 481 2055 et
523 2002 653 2070 aput
692 1995 892 2050 iudices
932 1994 1114 2065 itaque
1154 1999 1209 2050 et
1247 1996 1305 2051 in
1344 1997 1595 2051 contione
1635 2000 1689 2051 et
1725 1996 1841 2051 ubi-

136 2089 366 2144 cumque
396 2075 557 2130 alieni
588 2071 752 2127 animi
784 2069 850 2124 ad
882 2073 1127 2124 nostrum
1160 2071 1442 2125 arbitrium
1475 2071 1668 2143 agendi
1698 2073 1840 2140 sunt,

138 2145 298 2201 modo
352 2149 512 2219 iram,
565 2148 725 2203 modo
780 2148 1009 2214 metum,
1062 2146 1222 2199 modo
1279 2146 1725 2214 misericordiam,
1778 2148 1841 2198 ut

138 2219 255 2274 aliis
309 2220 658 2293 incutiamus,
697 2220 798 2293 ipsi
838 2219 1233 2289 simulabimus,
1279 2222 1334 2273 et
1380 2237 1538 2290 saepe
1576 2220 1653 2289 id,
1695 2219 1839 2289 quod

139 2294 249 2348 veri
280 2294 521 2351 adfectus
552 2316 662 2352 non
694 2295 1016 2362 effecissent,
1048 2294 1224 2347 effecit
1254 2293 1485 2347 imitatio
1515 2293 1838 2349 adfectuum.

65 2382 109 2417 ιο
140 2368 477 2441 ‘languidus'
515 2371 692 2443 inquit
731 2370 965 2426 ‘animus
1013 2371 1095 2422 est
1141 2367 1233 2438 qui
1280 2368 1360 2421 ira
1398 2367 1576 2423 caret.'
1653 2388 1838 2424 verum
1872 2382 1898 2422 2

285 2514 317 2561 8
344 2518 510 2573 lraym.
536 2524 656 2574 poet.
682 2519 814 2565 Rom.
842 2532 890 2576 p.
908 2519 1009 2570 359,
1025 2518 1084 2560 25
1109 2514 1345 2559 Baehrens

287 2618 317 2666 2
348 2621 462 2679 peta
492 2620 538 2676 (ο
560 2632 597 2666 ε.
612 2634 654 2666 v.
671 2622 778 2667 add.
797 2637 856 2668 m.
872 2617 977 2677 rec.)
1002 2620 1046 2666 A
1080 2620 1097 2677 ΙΙ
1132 2617 1163 2664 8
1193 2630 1330 2675 suoq3
1363 2619 1407 2676 (o
1441 2633 1498 2666 ex
1529 2632 1558 2665 a
1588 2620 1680 2666 vid.
1706 2619 1839 2676 corr.)

142 2683 187 2751 {4
221 2697 237 2735 ,·
264 2679 461 2750 somam
487 2692 643 2725 verm
663 2683 814 2727 nescio
838 2683 970 2727 cuites
991 2685 1155 2750 poetae
1175 2678 1295 2723 hanc
1315 2678 1461 2734 fuisse
1484 2680 1679 2737 Bentley
1700 2678 1839 2723 vidit.-

141 2741 917 2857 zzffiisstszsgsstffl'?
935 2736 1840 2855 1:323335A⁰?⁰J?m2lt1}1⁸m?5¹zffm3

143 2862 195 2905 in
225 2874 314 2906 ras.
342 2875 397 2906 m.
424 2860 528 2915 rec.)
554 2858 596 2904 A
628 2858 645 2914 11
674 2857 734 2903 29
765 2857 938 2905 efficiet
966 2859 1091 2905 Koch
1124 2857 1239 2904 male
