2034 3086
224 54 294 107 66
551 52 601 97 L.
625 51 862 97 ANNAEI
893 51 1168 97 SENECAE
1198 53 1356 98 DlAL.
1380 53 1492 99 Lm.
1518 53 1595 98 111.

224 175 302 227 ira
351 174 501 227 vanis
552 177 606 226 et
651 176 800 226 extra
838 191 1052 227 causam
1092 172 1496 229 obversantibus
1536 179 1914 228 commovetur.

223 248 403 301 vultus
435 248 584 300 illam
617 248 865 316 securior,
896 266 1004 300 vox
1034 248 1242 317 clarior,
1274 267 1446 302 sermo
1480 250 1713 317 liberior,
1740 250 1916 304 cultus

224 322 522 391 delicatior,
572 322 851 376 advocatio
902 322 1258 391 ambitiosior,
1307 322 1461 376 favor
1505 324 1782 394 popularis
1831 342 1918 378 ex-

225 400 494 466 asperant3
546 415 702 466 saepe
752 397 946 450 infesta
995 399 1223 466 patrono
1274 415 1424 450 reum
1470 398 1710 468 damnat3
1756 398 1918 452 etiam

225 472 271 524 si
324 472 586 542 ingeritur
639 472 808 525 oculis
863 471 1080 540 veritas,
1135 475 1280 524 amat
1332 475 1386 525 et
1434 474 1621 526 tuetur
1663 491 1920 542 errorem3

225 547 444 617 coargui
497 565 608 600 non
659 546 779 599 vult
831 549 884 599 et
937 547 995 598 in
1047 547 1185 600 male
1239 546 1444 616 coeptis
1505 546 1782 602 honestior
1838 547 1920 600 illi

224 621 517 690 pertinacia
569 621 782 674 videtur
834 639 996 691 quam
1057 622 1396 690 paenitentia.
1491 619 1583 674 On.
1629 619 1755 676 Piso
1815 622 1922 676 fuit

226 696 481 749 memoria
517 698 703 749 nostra
740 696 824 748 vir
853 715 886 749 a
915 696 1101 749 multis
1140 697 1286 751 vitiis
1326 698 1554 767 integer,
1594 696 1687 749 sed
1724 715 1920 766 pravus

225 774 279 823 et
331 770 419 823 cui
471 770 718 839 placebat
770 789 869 840 pro
924 772 1225 824 constantia
1269 772 1430 843 rigor.
1508 771 1553 824 is
1593 788 1716 823 cum
1754 772 1920 826 iratus

226 845 356 897 duci.
389 845 632 898 iussisset
669 864 812 913 eum,
853 846 947 914 qui
978 864 1046 898 ex
1075 849 1377 899 commeatu
1409 846 1523 900 sine
1555 845 1921 900 commilitone

225 919 473 987 redierat,
525 920 678 987 quasi
727 920 1082 974 interfecisset
1131 938 1290 988 quem
1335 939 1447 974 non
1492 918 1799 987 exhibebat,
1838 938 1921 973 ro-

227 993 376 1063 ganti
436 996 647 1062 tempus
711 994 930 1063 aliquod
991 994 1058 1047 ad
1120 995 1542 1063 conquirendum
1598 1012 1710 1048 non
1762 993 1920 1047 dedit.

227 1067 505 1121 damnatus
545 1071 695 1121 extra
732 1069 935 1120 vallum
973 1068 1266 1138 productus
1307 1072 1387 1122 est
1425 1072 1478 1122 et
1515 1070 1623 1122 iam
1662 1068 1923 1122 cervicem

227 1142 554 1211 porrigebat,
617 1161 739 1195 cum
794 1143 974 1196 subito
1028 1144 1279 1213 apparuit
1336 1143 1425 1196 ille
1479 1143 1776 1197 commilito
1830 1143 1923 1211 qui

228 1216 433 1269 occisus
473 1217 764 1269 videbatur.
842 1220 971 1271 tunc
1010 1218 1250 1271 centurio
1288 1218 1553 1286 supplicio
1585 1217 1922 1287 praepositus

227 1290 452 1343 condere
515 1291 753 1360 gladium
814 1293 1202 1360 speculatorem
1265 1291 1434 1360 iubet,
1493 1292 1803 1345 damnatum
1857 1291 1924 1344 ad

227 1365 477 1417 Pisonem
526 1365 734 1418 reducit
782 1367 1084 1421 redditurus
1132 1365 1317 1420 Pisoni
1367 1367 1748 1420 innocentiam:
1798 1384 1923 1419 nam

228 1439 389 1492 militi
427 1439 643 1492 fortuna
680 1441 994 1494 reddiderat.
1057 1442 1264 1513 ingenti
1296 1459 1559 1495 concursu
1591 1441 1926 1495 deducuntur

228 1514 478 1583 conplexi
527 1514 662 1566 alter
711 1515 938 1568 alterum
965 1535 1107 1570 ‚cum
1154 1534 1350 1586 magno
1391 1515 1586 1586 gaudio
1626 1519 1924 1570 castrorum

230 1589 633 1642 commilitones.
697 1591 1007 1644 conscendit
1043 1591 1281 1644 tribunal
1314 1590 1495 1643 furens
1528 1589 1653 1644 Piso
1685 1608 1748 1643 ac
1778 1591 1925 1643 iubet

229 1664 353 1717 duci
402 1666 710 1731 utrumque,
761 1668 814 1717 et
859 1684 980 1718 eum
1020 1666 1248 1718 militem
1288 1665 1382 1733 qui
1419 1682 1529 1717 non
1568 1664 1835 1718 occiderat
1872 1667 1925 1717 et

230 1757 351 1791 eum
390 1738 483 1807 qui
517 1756 628 1790 non
658 1739 899 1806 perierat.
963 1741 1094 1809 quid
1124 1740 1228 1793 hoc
1260 1738 1570 1808 indignius?
1630 1739 1756 1807 quia
1787 1757 1924 1792 unus

230 1813 483 1866 innocens
539 1818 879 1882 apparuerat,
934 1815 1039 1867 duo
1094 1814 1354 1884 peribant.
1447 1811 1572 1866 Piso
1627 1813 1820 1866 adiecit
1873 1816 1927 1866 et

230 1888 460 1940 tertium.
537 1905 663 1939 nam
709 1887 886 1956 ipsum
933 1890 1320 1956 centurionem,
1368 1887 1462 1956 qui
1500 1887 1809 1940 damnatum
1848 1906 1926 1940 re-

231 1961 473 2030 duxerat,
513 1962 637 2014 duci
675 1962 844 2014 iussit.
907 1964 1186 2017 constituti
1218 1965 1344 2017 sunt
1373 1963 1431 2014 in
1461 1961 1647 2014 eodem
1677 1962 1772 2014 illo
1804 1963 1924 2015 loco

232 2036 455 2104 perituri
508 2039 615 2089 tres
671 2035 738 2088 ob
793 2036 951 2089 unius
1004 2038 1380 2091 innocentiam.
1458 2053 1490 2088 o
1531 2054 1691 2104 quam
1739 2037 1925 2089 sollers

232 2112 313 2163 est
350 2110 624 2163 iracundia
662 2108 730 2162 ad
769 2110 1043 2180 fingendas
1083 2130 1268 2166 causas
1311 2110 1531 2164 furoris!
1609 2109 1712 2163 ‘te'
1750 2111 1928 2179 inquit

233 2183 377 2236 ‘duci
430 2185 609 2254 iubeo,
665 2184 792 2253 quia
842 2185 1122 2240 damnatus
1169 2206 1248 2256 es3
1296 2189 1371 2254 te,
1420 2184 1546 2254 quia
1585 2202 1744 2239 causa
1782 2185 1926 2238 dam-

231 2259 464 2312 nationis
519 2258 874 2312 commilitoni
926 2260 1100 2330 fuisti3
1153 2264 1227 2330 te,
1279 2261 1405 2330 quia
1458 2259 1633 2329 iussus
1689 2260 1926 2313 occidere

233 2333 543 2402 imperatori
594 2352 706 2386 non
759 2333 1033 2401 paruisti':
1095 2335 1422 2405 excogitavit
1478 2334 1927 2402 quemadmodum

232 2408 336 2460 tria
375 2408 598 2461 crimina
636 2408 855 2476 faceret,
895 2408 1021 2477 quia
1058 2410 1269 2462 nullum
1307 2410 1595 2462 invenerat.

381 2567 412 2613 3
441 2568 578 2614 fabor
608 2569 678 2615 A²
713 2570 790 2614 sed
820 2568 851 2612 b
882 2570 934 2613 in
963 2583 992 2613 v
1023 2584 1136 2616 corr.
1177 2570 1194 2631 ΙΙ
1234 2571 1264 2616 8
1301 2584 1477 2629 prauus
1516 2570 1641 2625 AL,
1679 2570 1799 2627 quod
1835 2569 1926 2615 vid.

235 2633 498 2685 corruptum
543 2643 655 2674 esse.-
699 2630 772 2674 113
816 2642 988 2686 pravus
1033 2631 1102 2674 vel
1146 2644 1373 2688 praeceps
1414 2630 1551 2676 Gertz
1600 2643 1764 2674 saevus
1804 2629 1929 2674 Rech

235 2701 406 2745 pravus
449 2701 504 2733 eo
547 2689 673 2758 quod
714 2689 941 2736 Schultess
985 2689 1238 2735 iracundus
1280 2705 1359 2749 eqo
1396 2690 1556 2736 malim
1593 2695 1677 2735 aut
1716 2689 1767 2734 in
1807 2689 1928 2733 iram

234 2761 409 2804 pronus
450 2746 476 2851 11
511 2747 540 2791 9
577 2748 719 2806 rigor.
751 2750 793 2794 is
831 2762 937 2793 cum
968 2748 1039 2794 Α8
1066 2750 1119 2793 in
1147 2764 1268 2805 ras.;
1303 2750 1374 2795 Αι
1400 2750 1507 2807 fort.
1538 2749 1700 2794 habuit
1735 2749 1777 2793 ri
1779 2760 1927 2805 g.ores

238 2806 447 2923 cum)1‡A
479 2806 509 2851 3
555 2808 603 2851 et
647 2807 742 2851 iam
782 2808 851 2853 A³
895 2809 948 2853 in
987 2822 1078 2854 ras.
1123 2810 1268 2854 etiam
1302 2809 1372 2855 Α1
1415 2809 1432 2869 ΙΙ
1475 2807 1535 2853 23
1575 2807 1840 2868 perissbant
1886 2807 1929 2863 (e

238 2879 350 2909 eras.

1953 865 1995 897 10

1955 1234 1996 1267 15

1956 1606 1999 1639 20

1957 1979 1999 2011 25

1959 2350 2002 2381 30
