2034 3086
213 43 318 98 196
446 15 469 19 '⁷
526 40 575 84 L.
600 39 837 84 ANNAEl
868 38 1143 85 SENECAE
1174 39 1596 85 DIAL.LIB.V11.

208 164 264 215 at
311 160 403 214 hic
451 159 731 214 tritissima
780 178 1021 230 quaeque
1067 160 1155 221 via
1200 162 1254 212 et
1299 160 1641 214 celeberrima
1678 162 1908 216 maxime

151 249 176 290 3
209 234 420 304 decipit.
495 234 633 288 nihil
679 252 807 306 ergo
855 234 1026 306 magis
1074 233 1452 304 praestandum
1492 239 1593 305 est,
1642 254 1803 305 quam
1840 255 1907 290 ne

207 327 463 379 pecorum
492 309 602 362 ritu
633 326 920 378 sequamur
951 307 1379 362 antecedentium
1410 326 1649 380 gregem,
1686 328 1908 381 pergen-

207 386 288 437 tes
337 401 449 436 non
494 401 601 453 quo
649 383 882 436 eundum
928 386 1032 453 est,
1081 382 1173 436 sed
1220 399 1327 452 quo
1375 382 1496 435 itur.
1572 384 1723 454 atqui
1759 384 1909 437 nulla

206 474 291 511 res
329 474 428 511 nos
467 457 759 511 maioribus
792 457 946 511 malis
978 456 1226 528 inplicat,
1264 474 1426 526 quam
1459 457 1701 526 quod-ad
1732 476 1910 512 rumo-

206 550 320 586 rem
359 532 756 603 componimur,
795 532 998 602 optima
1026 531 1131 585 rati
1161 549 1246 599 ea,
1284 549 1420 600 quae
1452 549 1649 603 magno
1682 532 1910 588 adsensu

206 610 421 677 recepta
459 609 607 675 sunt,
654 605 903 676 quodque
941 606 1187 676 exempla
1222 605 1380 659 nobis
1419 606 1591 660 multa
1629 611 1775 677 sunt,
1811 625 1911 662 nec

208 681 275 736 ad
319 682 584 735 rationem
632 679 724 733 sed
773 681 839 734 ad
879 680 1285 735 similitudinem
1323 680 1568 734 vivimus.
1645 681 1768 736 inde
1806 682 1911 736 ista

206 758 359 810 tanta
397 754 729 810 coacervatio
770 755 998 809 aliorum
1038 772 1198 824 super
1235 755 1368 808 alios
1407 755 1693 808 ruentium.
1766 756 1909 826 quod

206 830 265 884 in
303 833 480 901 strage
510 828 1020 901 hominummagna
1050 829 1251 897 evenit,
1290 846 1412 882 cum
1442 830 1558 899 ipse
1590 847 1646 883 se
1675 831 1908 899 populus

205 904 405 974 premit
442 934 513 941 —
551 921 711 956 nemo
760 903 836 956 ita
874 904 1040 973 cadit,
1085 906 1147 955 ut
1183 920 1296 956 non
1333 906 1388 957 et
1426 904 1591 957 alium
1630 904 1688 957 in
1727 922 1783 957 se
1822 903 1909 957 ad-

205 978 385 1031 trahat
400 1018 416 1046 ,
467 977 737 1047 primique
788 978 950 1032 exitio
1002 977 1350 1047 sequentibus
1398 981 1525 1032 sunt
1563 1009 1656 1048 —‚
1703 978 1807 1031 hoc
1852 977 1910 1030 in

207 1052 356 1106 omni
393 1051 511 1104 vita
543 1050 780 1105 accidere
810 1052 991 1106 videas
1021 1053 1171 1105 licet:
1209 1070 1368 1105 nemo
1401 1052 1503 1106 sibi
1533 1051 1908 1116 tantummodo

207 1128 370 1195 errat,
419 1125 512 1179 sed
559 1125 718 1178 alieni
765 1127 956 1180 erroris
996 1129 1050 1180 et
1089 1143 1249 1178 causa
1286 1129 1341 1179 et
1378 1130 1566 1181 auctor
1603 1130 1706 1195 est3
1750 1129 1911 1179 nocet

207 1200 350 1253 enim
411 1199 669 1269 adplicari
729 1200 1163 1255 antecedentibus
1222 1203 1298 1268 et,
1358 1200 1486 1254 dum
1539 1201 1910 1269 unusquisque

206 1273 414 1327 mavult
452 1273 662 1327 credere
702 1292 862 1343 quam
901 1274 1160 1342 iudicare,
1196 1292 1491 1344 numquam
1531 1275 1597 1329 de
1635 1274 1746 1327 vita
1776 1274 1910 1327 iudi-

208 1350 380 1417 catur,
443 1365 653 1418 semper
706 1348 939 1403 creditur
986 1350 1269 1416 versatque
1325 1367 1425 1403 nos
1483 1351 1538 1403 et
1592 1348 1910 1419 praecipitat

206 1423 435 1476 traditus
485 1441 582 1493 per
631 1440 819 1476 manus
869 1442 1030 1478 error.
1107 1422 1294 1476 alienis
1340 1423 1577 1493 perimus
1628 1424 1909 1494 exemplis:

207 1498 537 1566 sanabimur,
587 1514 892 1567 separemur
937 1497 1099 1552 modo
1140 1515 1171 1549 a
1210 1501 1378 1551 coetu.
1454 1516 1599 1552 nunc
1636 1516 1762 1551 vero
1803 1501 1910 1551 stat

208 1575 395 1626 contra
432 1572 696 1625 rationem
736 1571 983 1626 defensor
1019 1571 1150 1625 mali
1189 1571 1272 1624 sui
1309 1573 1557 1642 populus.
1632 1573 1814 1642 itaque
1853 1572 1908 1624 id

208 1647 384 1700 evenit
423 1646 566 1716 quod
606 1646 664 1699 in
702 1647 937 1716 comitis,
974 1647 1033 1700 in
1065 1645 1258 1715 quibus
1291 1665 1381 1700 eos
1411 1647 1584 1701 factos
1615 1664 1729 1700 esse
1760 1664 1908 1715 prae-

207 1722 350 1773 tores
389 1720 530 1774 idem
571 1720 664 1790 qui
702 1720 872 1774 fecere
910 1722 1196 1788 mirantur,
1246 1737 1368 1774 cum
1408 1738 1463 1774 se
1502 1720 1717 1775 mobilis
1756 1720 1911 1772 favor

208 1793 544 1865 circumegit:
576 1794 760 1849 eadem
784 1795 1093 1865 probamus,
1123 1794 1307 1847 eadem
1330 1794 1789 1864 reprehendimus3
1818 1793 1908 1847 hic

209 1868 382 1922 exitus
413 1871 494 1922 est
525 1870 699 1923 omnis
731 1869 936 1939 iudicii,
974 1870 1033 1923 in
1064 1886 1171 1938 quo
1204 1870 1494 1922 secundum
1525 1869 1705 1938 plures
1737 1867 1906 1922 datur.

356 1940 424 1995 Π.
487 1941 620 1997 Cum
660 1944 725 1998 de
763 1945 918 1997 beata
955 1944 1068 1998 vita
1098 1945 1309 2014 agetur,
1344 1962 1456 1997 non
1487 1945 1568 1996 est
1599 1941 1743 2012 quod
1774 1943 1907 1996 mihi

208 2015 343 2070 illud
382 2015 765 2071 discessionum
806 2036 953 2072 more
990 2017 1334 2086 respondeas:
1382 2017 1538 2070 ‘haec
1574 2034 1698 2086 pars
1738 2018 1908 2071 maior

362 2147 386 2191 7
419 2146 637 2204 quodque
669 2148 883 2206 exempla
913 2148 1050 2194 nobis
1083 2147 1235 2192 multa
1271 2148 1439 2205 scripsi
1467 2161 1570 2192 cum
1600 2148 1908 2194 Reitzenstein

209 2206 386 2263 (Herm.
422 2206 608 2251 XXIX
643 2212 758 2254 1894
790 2208 841 2266 P·
865 2211 970 2266 622)
1019 2207 1198 2264 quodq3
1241 2206 1457 2264 exempla
1497 2205 1632 2251 bonis
1673 2208 1825 2251 multa
1859 2208 1906 2252 A

209 2265 429 2322 quodque
460 2265 674 2322 exempla
698 2270 900 2325 <pro>
923 2267 1060 2313 bonis
1086 2265 1238 2310 multa
1261 2267 1491 2311 Emsmus
1521 2279 1810 2323 quorumque
1835 2279 1903 2311 ex.

208 2323 344 2368 nobis
381 2323 534 2368 multa
567 2326 758 2382 Lipsius
801 2327 1019 2384 quodque
1059 2339 1128 2371 ex.
1170 2328 1372 2382 <pro>
1408 2324 1543 2371 bonis
1574 2326 1726 2370 multa
1757 2325 1907 2370 secuti

208 2396 303 2427 non
335 2382 398 2427 ad
426 2398 462 2428 r.
496 2383 720 2430 Solvultess
758 2385 776 2445 Η
815 2386 845 2431 8
884 2387 967 2431 sed
999 2385 1062 2429 ad
1084 2385 1131 2430 A
1163 2384 1243 2441 (ad
1272 2386 1326 2429 in
1354 2398 1445 2430 ras.
1474 2385 1560 2443 A⁶)
1596 2386 1613 2446 Η
1652 2385 1683 2430 9
1722 2397 1907 2428 coacer-

207 2442 340 2513 uatio
384 2455 499 2512 coi-r.
535 2456 591 2488 ex
632 2445 917 2514 concertatio
952 2444 1023 2491 A¹
1055 2443 1080 2514 J!
1124 2442 1184 2488 18
1219 2443 1386 2513 uideas
1420 2444 1467 2514 A
1509 2446 1579 2502 (as
1614 2443 1684 2490 A⁵
1723 2444 1776 2487 in
1812 2457 1903 2510 ras.

208 2515 404 2608 {miz
432 2503 802 2618 zteffissqffw
809 2503 1336 2619 252·r{02⁸52⁷t'232⁰r‘²¹2sff2·1}²53·
1354 2501 1906 2629 Sefffflmmi'sssssssgt

207 2637 313 2667 mur
341 2621 482 2667 modo
505 2621 553 2672 A
582 2635 695 2667 corr.
722 2623 860 2669 Gertz
894 2623 935 2668 si
965 2623 1104 2668 modo
1137 2635 1406 2679 separemur
1435 2624 1549 2681 voly.
1599 2621 1605 2680 Ι
1645 2620 1705 2665 20
1741 2623 1904 2679 ltaque

209 2683 375 2739 <et>
398 2681 451 2726 id
475 2681 614 2727 Gertz
642 2680 659 2741 ΙΙ
688 2680 745 2726 21
778 2682 962 2728 comitis
992 2688 1046 2727 ut
1073 2681 1164 2727 vid.
1189 2681 1260 2727 Αι
1288 2683 1390 2727 -tiis
1413 2697 1528 2729 corr.
1605 2680 1623 2706 ⁶
1649 2680 1654 2739 Ι
1692 2681 1903 2727 consules

210 2742 346 2799 (coss)
384 2740 537 2786 factos
577 2743 626 2786 et
664 2741 796 2786 Koch
828 2743 1075 2799 speciosius
1105 2755 1242 2799 quam
1270 2743 1445 2797 verius,
1482 2741 1566 2796 cfr.
1599 2740 1904 2787 Reitzenstein

210 2800 369 2904 blhp.
394 2803 482 2847 623
519 2800 536 2860 ΙΙ
575 2799 636 2845 25
667 2802 834 2858 agetur
855 2802 902 2846 A
934 2801 1092 2859 agitur
1121 2801 1234 2858 volq.
1271 2801 1289 2861 ΙΙ
1329 2801 1390 2846 26
1419 2800 1597 2857 <de>
1630 2798 1743 2845 disc.
1774 2813 1906 2845 more

258 2872 280 2904 e
324 2873 349 2904 z

1942 849 1985 882 10

1942 1193 2032 1251 15Δ

1940 1589 1984 1622 20

1938 1941 2034 1993 25⁴

2027 2726 2034 2758 §.A
2031 2675 2034 2697 -.
2026 2514 2034 2645 2.-.2.—2.--
