2034 3086
56 1970 111 2011 10

157 47 224 100 12
508 44 557 89 L
583 41 821 87 ANNAEI
851 41 1126 130 SENECAE
1158 41 1315 87 DIAL
1340 42 1511 89 LIB.1.

152 170 349 239 urgent
371 184 530 221 saeva
561 165 885 234 inexpertos,
907 182 1069 236 grave
1094 118 1176 218 est
1197 168 1418 221 tenerae
1437 167 1630 220 cervici
1652 167 1856 239 iugum.

154 241 220 295 ad
271 241 632 311 suspicionem
671 239 907 294 vulneris
958 238 1063 292 tiro
1109 240 1379 324 pallescit,
1425 241 1678 296 audacter
1714 246 1857 296 vete·

152 333 313 369 ranus
354 332 599 367 cruorem
639 332 795 367 suum
835 316 1065 383 spectat,
1105 313 1198 382 qui
1237 315 1339 368 scit
1377 332 1434 368 se
1473 333 1631 384 saepe
1665 317 1856 371 vicisse

150 393 277 459 post
327 388 658 459 sanguinem.
734 389 834 442 hos
872 388 1055 456 itaque
1095 387 1225 441 deus
1265 407 1400 458 quos
1449 390 1668 459 probat,
1720 409 1855 460 quos

152 466 324 533 amat,
361 463 600 531 indurat,
637 462 1001 534 recognoscit,
1039 465 1272 533 exercet3
1312 482 1402 517 eos
1442 467 1623 518 autem
1661 466 1855 534 quibus

151 537 430 608 indulgere
453 537 687 606 videtur,
727 537 923 607 quibus
951 554 1191 606 parcere,
1222 539 1411 592 molles
1435 538 1676 593 venturis
1700 540 1855 594 malis

149 615 340 665 servat.
430 612 617 666 erratis
680 613 849 680 enim,
909 611 955 664 si
1017 629 1178 681 quem
1239 612 1487 667 iudicatis
1550 617 1855 682 exceptum:

148 686 328 740 veniet
380 690 426 740 et
478 687 545 740 ad
583 686 739 740 illum
794 686 886 739 diu
938 685 1150 740 felicem
1206 703 1303 740 sua
1355 689 1556 758 porti03
1612 688 1856 758 quisquis

148 761 362 814 videtur
392 761 643 815 dimissus
677 777 816 830 esse,
854 760 1053 814 dilatus
1086 763 1182 814 est.
1237 779 1401 831 quare
1433 763 1562 816 deus
1588 763 1855 833 optimum

150 853 416 905 quemque
467 839 561 890 aut
610 835 753 888 mala
789 835 1086 889 valitudine
1137 838 1232 888 aut
1280 837 1433 890 luctu
1479 841 1573 891 aut
1619 837 1738 891 aliis
1778 837 1856 890 in-

149 911 446 965 commodis
499 909 704 964 afficit?
781 910 908 979 quia
956 911 1015 964 in
1065 910 1253 964 castris
1303 929 1517 980 quoque
1555 913 1856 982 periculosa

146 986 454 1039 fortissimis
494 987 850 1055 imperantur:
890 985 1000 1038 dux
1036 985 1359 1040 lectissimos
1391 987 1578 1056 mittit,
1609 987 1702 1056 qui
1731 1005 1856 1041 noc-

146 1061 319 1114 turnis
369 1060 554 1114 hostes
606 1059 988 1131 aggrediantur
1037 1060 1245 1114 insidiis
1294 1064 1389 1114 aut
1435 1062 1718 1132 explorent
1754 1062 1857 1115 iter

146 1138 240 1188 aut
277 1135 605 1205 praesidium
643 1135 765 1188 loco
806 1134 1052 1188 deiciant.
1112 1154 1272 1189 nemo
1313 1155 1499 1189 eorum
1532 1136 1626 1206 qui
1657 1140 1856 1190 exeunt

147 1209 298 1263 dicit:
350 1209 510 1263 ‘male
551 1209 616 1262 de
667 1228 753 1263 me
792 1209 1087 1279 imperator
1123 1210 1357 1280 meruit',
1394 1211 1487 1265 sed
1528 1211 1681 1265 ‘bene
1720 1211 1855 1265 iudi-

146 1284 321 1338 cavit?
397 1285 529 1338 item
579 1283 763 1337 dicant
813 1285 1138 1354 quicumque
1187 1285 1444 1338 iubentur
1489 1287 1603 1356 pati
1648 1286 1853 1339 timidis

145 1359 463 1430 ignavisque
514 1358 737 1412 flebilia·
789 1357 960 1430 ‘digni
998 1359 1101 1412 visi
1152 1377 1337 1412 sumus
1389 1359 1488 1413 deo
1543 1361 1602 1413 in
1656 1360 1852 1430 quibus

145 1434 479 1501 experiretur
501 1436 763 1504 quantum
794 1433 1031 1487 humana
1060 1437 1255 1487 natura
1284 1437 1469 1503 posset
1492 1433 1641 1503 pati?
1681 1435 1855 1506 fugite

145 1507 388 1576 delicias,
426 1507 600 1578 fugite
640 1504 982 1561 enervantem
1022 1508 1361 1577 felicitatem,
1400 1526 1507 1578 qua
1542 1508 1707 1561 animi
1738 1526 1855 1578 per·

144 1582 460 1636 madescunt
485 1585 540 1635 et
561 1581 667 1636 m'si
690 1581 894 1651 aliquid
917 1582 1208 1636 intervenit
1233 1582 1378 1651 quod
1401 1582 1668 1636 humanae
1693 1583 1853 1637 sortis

146 1657 455 1726 admoneat,
485 1661 698 1711 manent
719 1658 869 1710 velut
891 1661 1152 1727 perpetua
1176 1657 1433 1711 ebrietate
1458 1657 1636 1727 sopiti.
1692 1675 1852 1727 quem

145 1732 444 1802 specularia
482 1749 695 1802 semper
725 1732 792 1785 ab
825 1732 1014 1786 afflatu
1037 1731 1468 1802 vindicaverunt,
1507 1732 1658 1786 cuius
1690 1732 1852 1802 pedes

143 1807 284 1860 inter
331 1806 574 1860 fomenta
623 1806 850 1860 subinde
897 1810 1106 1861 mutata
1150 1810 1463 1877 tepuerunt,
1510 1808 1662 1861 cuius
1702 1825 1853 1861 cena-

143 1880 317 1935 tiones
358 1880 606 1935 subditus
646 1885 701 1935 et
737 1882 1032 1951 parietibus
1074 1881 1428 1936 circumfusus
1468 1883 1615 1936 calor
1651 1885 1852 1952 tempe·

141 1956 306 2023 ravit,
344 1955 490 2010 hunc
527 1955 662 2009 levis
702 1975 830 2009 aura
867 1974 980 2010 non
1011 1956 1125 2011 sine
1157 1957 1396 2027 periculo
1429 1956 1671 2028 stringet.
1729 1974 1851 2010 cum

144 2031 326 2085 omnia
350 2049 487 2100 quae
511 2034 854 2085 excesserunt
876 2031 1099 2086 modum
1122 2035 1376 2101 noceant,
1399 2031 1854 2102 periculosissima

293 2208 320 2252 1
363 2209 491 2252 haud
531 2210 627 2253 scio
669 2223 733 2253 an
773 2210 1062 2254 scribendum
1100 2210 1163 2254 sit
1199 2210 1413 2266 gravest;
1454 2213 1562 2253 sunt
1601 2209 1721 2253 enim
1759 2208 1850 2253 duo

143 2269 387 2312 enuntiata
418 2268 481 2313 ad
503 2282 668 2325 parem
697 2268 984 2327 syllabarum
1014 2283 1254 2314 ‘numerum
1281 2269 1592 2324 conformata:
1622 2268 1810 2325 magis.

142 2327 410 2383 inexpertos
442 2334 485 2373 et
514 2329 743 2445 gravest).
774 2362 784 2372 .
819 2328 982 2386 iugum
1017 2329 1022 2387 1
1061 2330 1252 2374 tenerae
1284 2327 1454 2373 cervici
1479 2329 1639 2373 Muret
1668 2304 1850 2388 tellrere

143 2386 371 2442 ceruicib3
414 2389 460 2432 A
499 2387 761 2453 (eras-101}
796 2387 826 2431 2
856 2390 962 2444 tyro
987 2389 1033 2433 A
1063 2387 1080 2447 Η
1121 2388 1149 2433 8
1181 2390 1229 2432 et
1259 2388 1366 2433 add.
1397 2387 1566 2432 Gruter
1593 2386 1611 2456 Ι]
1641 2386 1700 2432 10
1728 2387 1849 2432 uali-

141 2446 342 2517 tudines]
359 2422 406 2492 A
431 2449 561 2504 (eras
585 2449 650 2517 m)
679 2445 713 2506 ΙΙ
750 2445 810 2492 14
841 2448 923 2504 qui
962 2449 1010 2505 (q
1041 2461 1154 2493 corr.
1180 2462 1237 2493 ex
1268 2450 1310 2505 e)
1345 2446 1412 2492 A¹
1447 2446 1464 2506 Η
1505 2446 1564 2491 15
1593 2449 1850 2505 imperator

142 2508 255 2564 voly.
300 2507 562 2563 imperatur
602 2509 654 2552 in
695 2521 787 2552 ras.
822 2521 907 2552 scr.
944 2508 1032 2562 Αἱ·
1073 2522 1128 2552 ex
1158 2507 1228 2552 A1
1264 2508 1494 2563 scriptura
1538 2507 1636 2564 imp
1667 2512 1849 2552 tautwm

142 2567 390 2623 dispicitur
428 2567 444 2626 ΙΙ
485 2567 544 2611 16
582 2567 698 2611 item
741 2567 876 2612 Gertz
921 2567 1048 2612 idem
1080 2569 1126 2612 A
1167 2567 1184 2626 ΙΙ
1229 2566 1284 2612 19
1323 2568 1622 2611 enervantem
1654 2567 1849 2623 Lipsius

143 2628 419 2670 eneruatam
442 2627 488 2671 A
518 2626 534 2686 ΙΙ
563 2626 620 2670 21
653 2629 848 2671 manent
879 2641 957 2684 eqo
984 2627 1170 2682 addidi,
1193 2627 1358 2670 vivunt
1380 2626 1633 2681 Schultess,
1655 2627 1742 2671 alii
1764 2631 1850 2670 aut

144 2688 192 2730 et
225 2692 332 2743 post
372 2686 737 2743 permadescunt
775 2687 1036 2732 deleverunt
1072 2692 1155 2731 aut
1189 2687 1373 2731 verbum
1411 2686 1531 2742 quod
1572 2686 1691 2731 deest
1731 2686 1849 2729 alibi

143 2747 489 2815 suppleveruut:
538 2746 696 2791 iacent
734 2746 878 2804 sopiti
917 2747 1050 2791 Koch
1103 2745 1246 2803 sopiti
1295 2747 1485 2802 torpent
1534 2745 1670 2790 Gertz
1722 2744 1846 2801 sopi-

142 2807 329 2921 uvilirtubl·
323 2807 439 2850 coni
473 2806 737 2851 Feldmauu
778 2806 795 2865 ΙΙ
834 2805 895 2850 26
932 2799 1330 2863 periculosissima
1361 2807 1406 2850 A
1449 2804 1846 2862 perniciosissima

210 2866 254 2910 ὄῑ
310 2866 362 2910 iu

1889 855 1930 890 10

1888 1231 1929 1264 15

1885 1603 1928 1636 20

1884 1975 1926 2008 25
