2034 3086
631 58 715 104 DE
744 57 852 103 IRA
883 56 995 104 Lm.
1019 56 1055 103 1.
1110 55 1238 103 off.
1266 61 1322 102 ιο
1755 58 1827 114 63

125 184 247 238 cula
297 182 516 253 publica
566 184 621 235 et
672 198 853 235 carcer
913 179 1264 234 adhibebitur.
1351 178 1453 232 tibi
1514 178 1826 234 insanabilis
1858 196 1885 236 3

124 259 335 312 animus
389 260 444 311 et
496 255 783 311 sceleribus
838 256 1038 310 scelera
1087 257 1398 323 contexenS,
1452 256 1507 307 et
1555 254 1662 308 iam
1715 273 1827 308 non

123 332 321 402 causiS,
360 350 497 402 quae
531 349 829 401 numquam
867 331 1010 384 malo
1050 329 1327 383 defuturae
1358 331 1498 398 sunt,
1537 328 1826 399 inpelleris,

124 407 216 462 sed
254 407 385 461 satis
421 406 523 460 tibi
561 408 644 459 est
680 424 876 478 magna
913 405 982 459 ad
1018 404 1348 474 peccandum
1387 421 1548 458 causa
1585 421 1828 474 peccare3

123 482 404 553 perbibisti
455 481 753 551 nequitiam
807 483 861 534 et
914 480 990 533 ita
1027 480 1320 534 visceribus
1370 479 1714 548 inmiscuisti,
1770 482 1829 532 ut

122 558 228 612 nisi
268 575 390 612 cum
422 556 556 626 ipsis
595 556 739 609 exire
767 573 879 608 non
911 554 1107 625 possit3
1145 554 1276 608 olim
1307 554 1470 608 miser
1499 554 1638 607 mori
1671 572 1829 624 quae-

123 633 225 686 ris:
272 632 407 686 bene
453 631 518 685 de
562 634 617 684 te
655 630 998 699 merebimur,
1049 629 1349 683 auferemus
1390 629 1492 682 tibi
1530 629 1690 683 istam
1722 647 1829 699 qua

124 725 306 774 vexas,
344 706 554 760 vexaris
599 705 863 759 insaniam
908 708 965 759 et
1000 723 1097 775 per
1133 707 1228 758 tua
1265 704 1545 774 alienaque
1583 705 1827 758 volutato

125 781 392 852 supplicia
440 781 497 835 id
546 780 692 851 quod
740 798 909 834 unum
953 779 1055 833 tibi
1098 779 1303 833 bonum
1342 782 1585 849 superest
1621 797 1828 849 reprae-

125 856 475 926 sentabimus,
521 854 784 910 mortem?
862 873 1026 925 quare
1071 855 1272 909 irascar
1309 854 1397 908 cui
1436 872 1558 908 cum
1597 854 1829 908 maxime

124 930 383 1004 prosum?
433 931 648 985 interim
688 931 954 1001 optimum
991 930 1388 984 misericordiae
1426 947 1594 1001 genus
1630 932 1712 984 est
1743 947 1829 984 oc·

124 1006 312 1062 cidere.
375 1006 422 1060 si
460 1007 742 1060 intrassem
765 1005 1215 1059 valetudinarium
1254 1003 1517 1059 exercitu‘s
1555 1007 1618 1058 ut
1655 1004 1828 1059 sciens
1859 1024 1889 1065 4
1970 994 1994 1067 Ί

124 1087 219 1136 aut
263 1082 453 1136 domus
499 1082 704 1151 divitis,
748 1099 860 1135 non
901 1081 1042 1134 idem
1080 1081 1408 1151 inperassem
1447 1079 1695 1134 omnibus
1734 1098 1831 1150 per
1999 1088 2005 1097 ¹

125 1157 335 1211 diversa
382 1157 807 1228 aegrotantibus;
844 1156 993 1209 varia
1042 1156 1099 1209 in
1146 1159 1232 1210 tot
1269 1155 1462 1209 animis
1501 1155 1635 1208 vitia
1671 1155 1828 1208 video

125 1236 181 1286 et
210 1232 418 1286 civitati
453 1232 719 1286 curandae
749 1232 1020 1285 adhibitus
1045 1249 1187 1285 sum:
1225 1249 1325 1301 pro
1350 1231 1609 1300 cuiusque
1639 1230 1828 1284 morbo

124 1306 390 1361 medicina
426 1309 734 1377 quaeratur,
773 1307 918 1360 hunc
956 1309 1107 1360 sanet
1136 1305 1476 1376 verecundia,
1507 1306 1653 1360 hunc
1683 1323 1830 1375 pere-

123 1381 380 1454 grinatiO,
410 1381 556 1436 hunc
578 1381 748 1451 dolor,
771 1382 916 1435 hunc
939 1384 1169 1452 egestas,
1199 1381 1345 1435 hunc
1374 1381 1589 1435 ferrum.
1648 1381 1830 1450 itaque
1862 1401 1889 1441 5
1976 1431 1995 1454 η

125 1461 200 1526 et,
224 1458 270 1511 si
295 1475 545 1527 perversa
566 1456 837 1510 induenda
858 1456 1197 1528 magistratui
1220 1456 1384 1511 vestis
1409 1459 1463 1510 et
1487 1456 1832 1510 convocanda
1988 1469 1992 1477 ’

124 1532 350 1586 classico
366 1532 548 1586 contio
564 1535 661 1601 est,
676 1532 962 1602 procedam
981 1531 1039 1584 in
1060 1531 1300 1585 tribunal
1312 1550 1425 1586 non
1439 1531 1622 1586 furens
1637 1549 1737 1585 nec
1752 1531 1831 1584 in-

124 1606 294 1661 festus
333 1607 424 1662 sed
448 1607 603 1661 vultu
639 1607 777 1679 legis
809 1610 864 1661 et
894 1607 988 1660 illa
1019 1607 1302 1661 sollemnia
1322 1607 1487 1661 verba
1514 1607 1626 1660 leni
1656 1607 1829 1678 magis

124 1682 383 1754 gravique
422 1700 584 1752 quam
614 1682 800 1737 rabida
822 1700 953 1736 voce
984 1682 1287 1752 concipiam
1318 1685 1372 1736 et
1395 1682 1485 1754 agi
1507 1682 1612 1751 leye
1634 1681 1830 1735 iubebo

123 1774 234 1811 non
288 1757 456 1811 iratus
510 1757 603 1811 sed
654 1776 893 1827 severus3
946 1760 1000 1811 et
1049 1775 1172 1811 cum
1219 1757 1480 1812 cervicem
1528 1757 1694 1811 noxio
1733 1757 1830 1810 im-

124 1831 323 1902 perabo
376 1832 613 1902 praecidi
666 1836 720 1886 et
773 1850 894 1887 cum
945 1832 1238 1902 parricidas
1288 1833 1498 1887 insuam
1548 1831 1724 1886 culleo
1777 1834 1832 1885 et

125 1924 247 1961 cnm
300 1907 513 1961 mittam
566 1907 624 1961 in
678 1907 1004 1978 supplicium
1053 1906 1286 1965 militare
1335 1910 1390 1961 et
1439 1925 1562 1962 cum
1600 1906 1830 1977 Tarpeio

125 1981 454 2052 proditorem
503 1981 780 2036 hostemve
830 1982 1106 2053 publicum
1151 1982 1431 2053 inponam,
1480 1983 1595 2037 sine
1641 1982 1722 2036 ira
1767 1999 1830 2036 eo

126 2057 279 2110 vultu
330 2057 616 2127 animoque
667 2076 780 2127 ero,
832 2075 940 2128 quo
984 2060 1256 2128 serpentes
1295 2061 1350 2111 et
1387 2057 1640 2111 animalia
1677 2075 1831 2111 vene-

276 2173 302 2219 1
336 2173 640 2220 adhibebitur
675 2174 889 2221 Eram!
919 2173 1174 2220 adhibetur
1203 2175 1304 2221 AL
1346 2174 1363 2235 ΙΙ
1407 2174 1437 2220 2
1476 2174 1662 2219 animus
1701 2175 1774 2219 est
1803 2185 1832 2219 ς

127 2239 170 2280 et
199 2234 311 2293 woly.
357 2235 363 2294 1
407 2236 457 2279 et
487 2235 581 2279 iam
611 2235 726 2294 0019.
762 2234 906 2281 etiam
931 2236 977 2281 A
1018 2235 1036 2295 ΙΙ
1080 2235 1105 2280 7
1138 2238 1234 2293 qua
1256 2234 1326 2281 A¹
1354 2235 1435 2281 sed
1463 2234 1633 2280 lineola
1654 2239 1832 2292 puncto

125 2308 319 2352 superne
348 2294 509 2340 addito
532 2300 694 2353 postea
723 2294 872 2341 deleta
899 2295 916 2355 Η
945 2294 975 2341 8
1004 2308 1151 2340 nexas
1172 2295 1361 2341 uexatis
1383 2296 1445 2351 A,
1472 2295 1594 2353 quod
1615 2308 1712 2340 non
1733 2299 1834 2341 erat

127 2355 400 2400 coniectum-is
441 2355 753 2413 &aptandum
795 2355 896 2412 (cfr.
929 2355 1042 2401 dial.
1076 2356 1109 2401 1
1137 2359 1226 2411 5,4
1261 2356 1356 2402 III
1380 2358 1516 2412 17,1)
1563 2356 1569 2411 Ι
1613 2353 1831 2400 uolutato

130 2414 289 2460 Mur-et
319 2414 364 2459 ‘e
395 2414 513 2460 libro
542 2414 719 2461 siculo’
749 2416 846 2461 nisi
875 2414 997 2473 quod
1026 2415 1094 2461 ibi
1122 2421 1176 2461 ut
1205 2416 1258 2460 in
1289 2414 1334 2460 L
1366 2413 1581 2460 uolutate
1610 2415 1833 2473 scriptum

128 2479 226 2519 erat
256 2472 503 2532 uoluptate
527 2476 572 2520 A
603 2474 621 2536 ΙΙ
648 2474 679 2520 θ
709 2474 750 2520 it
772 2474 842 2521 A²
865 2488 979 2521 corr.
1002 2476 1110 2532 sort.
1135 2473 1207 2521 A’
1226 2474 1244 2535 ΙΙ
1274 2473 1333 2520 12
1362 2474 1595 2520 exercitus
1629 2474 1833 2521 Goerenz

129 2533 411 2579 exercitatu-
453 2534 554 2581 AL
611 2538 616 2593 ι
672 2537 728 2580 ut
771 2535 970 2595 Madvig
1015 2537 1064 2581 et
1101 2535 1203 2582 AL
1256 2534 1539 2581 exercitatus
1586 2536 1635 2580 et
1679 2534 1832 2580 sciens

127 2607 231 2639 eum
262 2596 306 2639 A
352 2594 595 2640 Klammer
635 2595 887 2640 arcessitus
927 2597 984 2640 ut
1025 2595 1177 2641 sciens
1208 2595 1415 2641 Karsten
1450 2594 1468 2655 ΙΙ
1505 2593 1564 2640 18
1595 2593 1761 2640 domus
1785 2595 1831 2640 A

129 2652 318 2698 domum
343 2654 387 2699 L
438 2654 445 2714 Ι
485 2653 546 2699 20
575 2653 709 2699 vultu
740 2653 836 2700 leni
868 2657 917 2700 et
946 2654 1032 2701 illa
1063 2654 1311 2701 sollemnia
1340 2642 1484 2700 verba
1513 2667 1593 2699 ma
1630 2654 1668 2699 's
1785 2654 1830 2699 vi

129 2726 271 2783 quam
303 2712 406 2758 rabi
443 2714 758 2783 &Pincianus
780 2716 896 2761 coni.
919 2717 1116 2774 speciose
1146 2715 1276 2761 voltu
1307 2714 1427 2760 lenis
1456 2719 1499 2761 et
1528 2669 1672 2760 veffia
1721 2715 1832 2760 enta

129 2786 281 2831 magu
313 2774 599 2820 Conoelmen
631 2775 649 2835 ΙΙ
683 2773 741 2820 21
773 2773 879 2834 lege
910 2775 1019 2822 add.
1048 2775 1186 2822 Gertz
1214 2781 1393 2822 secutus
1415 2775 1720 2831 Pincianum,
1751 2775 1833 2833 qui

128 2831 233 2938 ἷξε
258 2834 346 2903 ἀεὶ
377 2835 492 2879 coni.
523 2834 541 2893 ΙΙ
569 2833 631 2879 28
652 2834 915 2892 parricidas
939 2847 967 2881 ς
995 2834 1205 2896 pindices
1230 2837 1275 2882 A
1305 2835 1322 2896 ΙΙ
1350 2834 1412 2881 24
1434 2833 1690 2881 militarem
1713 2835 1828 2881 coni.

189 2907 323 2949 psam
