2034 3086
161 210 181 248 l

225 74 331 129 154
550 71 599 116 L.
626 41 863 116 ANNAEI
894 70 1168 116 SENECAE
1199 70 1596 117 DIAL.L1B.V1.

368 192 433 246 Π.
499 191 620 246 Scio
661 213 692 246 a
730 193 1028 262 praeceptis
1067 192 1300 262 incipere
1340 193 1536 262 omnis,
1575 195 1666 263 qui
1706 213 1920 249 monere

219 268 453 337 aliquem
507 269 720 337 volunt,
772 267 830 319 in
883 267 1142 336 exemplis
1196 266 1446 321 desinere.
1532 270 1727 322 mutari
1775 270 1918 324 hunc

219 343 434 395 interim
473 360 675 396 morem
715 341 951 410 expedit3
989 343 1145 394 aliter
1183 342 1324 395 enim
1363 360 1486 396 cum
1517 343 1622 395 alio
1655 344 1919 414 agendum

219 420 320 470 est:
384 417 643 486 quosdam
703 416 841 469 ratio
904 415 1072 485 ducit,
1135 416 1454 485 quibusdam
1506 417 1726 470 nomina
1777 419 1920 471 clara

219 491 539 560 opponenda
578 493 703 545 sunt
741 493 795 543 et
833 491 1146 558 auctoritas,
1184 508 1318 559 quae
1354 491 1584 544 liberum
1610 509 1732 544 non
1762 493 1918 545 161111-
1973 509 1995 543 5

219 569 350 634 quat
401 566 639 619 animum
693 564 759 618 ad
813 566 1055 634 speciosa
1104 565 1353 634 stupenti.
1438 565 1546 619 duo
1584 565 1683 618 tibi
1721 584 1919 635 ponam

218 643 339 693 ante
390 641 575 694 oculos
625 640 858 692 maxima
903 643 957 693 et
1003 657 1159 692 sexus
1202 642 1256 692 et
1298 641 1495 711 saeculi
1532 639 1613 692 tui
1653 641 1918 710 exempla:

218 715 436 768 alterius
497 714 748 783 feminae,
810 731 944 783 quae
1007 732 1063 767 86
1124 713 1345 766 tradidit
1404 713 1676 768 ferendam
1729 715 1919 784 dolori,

218 790 457 858 alterius,
508 807 643 858 quae
693 789 810 858 pari
859 788 1068 842 adfecta
1117 806 1264 857 casu,
1313 790 1514 842 maiore
1554 788 1770 858 damno,
1807 808 1918 843 non

217 867 395 917 tamen
446 863 591 917 dedit
639 863 863 934 longum
915 863 971 915 in
1018 882 1073 917 se
1119 863 1275 917 malis
1315 863 1423 916 suis
1464 863 1783 931 dominium,
1826 864 1917 917 sed
1949 880 1992 913 ιο

218 939 324 992 cito
357 939 594 992 animum
625 938 682 990 in
714 937 891 991 sedem
923 956 1072 990 suam
1103 938 1357 1007 reposuit.
1413 936 1635 992 Octavia
1665 940 1720 991 et
1748 937 1916 1007 Livia,

217 1013 383 1066 altera
421 1030 574 1066 soror
610 1011 867 1083 Augusti,
918 1013 1085 1065 altera
1129 1030 1289 1080 uxor,
1334 1012 1620 1066 amiserant
1655 1012 1799 1065 filios
1839 1013 1915 1064 iu-

215 1106 397 1156 venes,
457 1090 682 1157 utraque
745 1105 839 1156 spe
899 1086 1068 1139 futuri
1128 1086 1388 1155 principis
1450 1090 1613 1139 certa:
1693 1085 1915 1140 Octavia

215 1161 550 1230 Marcellum,
600 1161 686 1215 cui
737 1164 791 1214 et
840 1162 1135 1214 avunculus
1174 1163 1228 1213 et
1267 1178 1416 1214 socer
1455 1161 1758 1214 incumbere
1797 1178 1913 1214 coe-

216 1239 387 1305 perat,
442 1236 499 1288 in
552 1254 710 1305 quem
765 1253 900 1288 onus
954 1235 1146 1304 inperii
1195 1236 1474 1304 reclinare,
1523 1235 1912 1289 adulescentem
1942 1249 1983 1283 1⁵

217 1311 394 1364 animo
435 1310 685 1379 alacrem,
724 1309 940 1380 ingenio
979 1312 1274 1379 potentem,
1311 1310 1402 1363 sed
1432 1310 1757 1380 frugalitatis
1789 1327 1912 1363 con·

215 1385 575 1454 tinentiaeque
626 1385 682 1437 in
730 1385 839 1437 illis
885 1387 978 1436 aut
1015 1384 1168 1437 annis
1207 1387 1300 1437 aut
1338 1384 1529 1453 opibus
1567 1402 1678 1437 non
1714 1383 1912 1437 medio-

218 1459 377 1512 criter
438 1459 800 1528 admirandae,
863 1458 1154 1527 patientem
1213 1458 1483 1527 laborum,
1543 1459 1910 1527 voluptatibus

218 1533 473 1603 alienum,
527 1536 1017 1605 quantumcumque
1070 1533 1324 1602 inponere
1374 1533 1455 1585 illi
1501 1533 1795 1586 avunculus
1845 1535 1912 1602 et,

218 1610 279 1660 ut
338 1608 414 1661 ita
474 1606 670 1676 dicam,
731 1606 1066 1660 inaedificare
1126 1606 1404 1676 voluisset,
1464 1607 1721 1676 laturum3
1780 1607 1915 1660 bene
1954 1622 1998 1655 20

217 1682 422 1752 legerat
450 1683 587 1735 nulli
619 1699 832 1735 cessura
861 1681 1086 1751 ponderi
1113 1681 1471 1734 fundamenta.
1524 1681 1736 1734 nullum
1759 1681 1920 1734 finem

218 1774 314 1824 per
369 1774 525 1810 omne
574 1756 717 1809 vitae
767 1774 892 1809 suae
941 1759 1154 1825 tempus
1204 1754 1366 1808 flendi
1404 1755 1756 1826 gemendique
1794 1755 1922 1808 fecit

218 1848 317 1883 nec
354 1831 493 1884 ullas
533 1830 750 1883 admisit
787 1848 944 1890 voces
983 1831 1214 1884 salutare
1253 1829 1456 1898 aliquid
1496 1829 1804 1898 adferentis3
1852 1847 1919 1882 116

221 1905 432 1958 avocari
473 1905 688 1974 quidem
735 1922 791 1958 86
837 1923 995 1974 passa
1032 1907 1134 1973 est,
1180 1904 1386 1957 intenta
1423 1903 1480 1956 in
1517 1921 1679 1957 unam
1717 1922 1829 1956 rem
1868 1906 1922 1956 et
2020 1962 2024 1966 ὁ

220 1982 335 2032 toto
377 1979 556 2033 animo
596 1979 784 2032 adfixa.
847 1978 969 2032 talis
1008 1997 1105 2048 per
1143 1996 1355 2032 omnem
1386 1978 1552 2032 vitam
1583 1978 1708 2047 fuit,
1746 1978 1919 2047 qualis
1952 1992 1995 2027 25

221 2054 278 2105 in
316 2053 522 2121 funere,
561 2072 672 2107 11011
706 2054 826 2106 dico
857 2072 968 2106 non
1007 2051 1136 2124 [est]
1177 2071 1305 2106 ausa
1335 2070 1679 2122 consurgere,
1710 2052 1801 2105 sed
1832 2052 1920 2105 ad-

219 2128 386 2180 levari
431 2145 703 2197 recusanS,
751 2128 1036 2182 secundam
1076 2127 1358 2180 orbitatem
1396 2127 1636 2179 iudicans
1673 2127 1921 2179 lacrimas

222 2202 478 2255 amittere.
516 2203 722 2255 nullam
759 2202 953 2255 habere
992 2201 1280 2272 imaginem
1310 2201 1412 2254 filii
1443 2200 1703 2254 carissimi
1733 2201 1923 2267 voluit,

373 2303 430 2348 12
471 2302 726 2347 amiserant
764 2303 901 2348 Gertz
943 2302 1201 2347 amiserunt
1229 2303 1276 2347 A
1316 2302 1334 2362 11
1378 2301 1438 2346 15
1474 2301 1662 2359 imperii
1698 2302 1812 2359 voly.
1849 2300 1920 2344 in-

221 2363 363 2419 periti
395 2364 441 2408 A
482 2363 499 2422 ΙΙ
544 2362 603 2407 16
640 2364 881 2419 potentem
913 2372 941 2406 ς
978 2361 1271 2419 inpotentem
1300 2363 1386 2407 A
1446 2361 1528 2406 sed
1558 2360 1667 2418 frug
1668 2360 1849 2405 alitatis
1872 2360 1919 2404 A

223 2422 304 2466 sed
337 2424 384 2466 et
414 2422 477 2466 fr·
508 2432 536 2466 ς
573 2423 678 2478 fort.
710 2427 847 2476 recte,
885 2422 974 2466 alii
1010 2421 1092 2465 sed
1131 2422 1275 2466 delere
1314 2360 1667 2524 malueruntgng}
1681 2419 1742 2464 24
1779 2421 1918 2464 inter·

214 2482 466 2538 punctione
496 2486 674 2526 mutata
703 2481 839 2525 verba
868 2481 1087 2525 intenta.
1140 2480 1318 2525 .affixa
1347 2493 1569 2537 comunqe
1636 2494 1667 2524 a
1697 2493 1788 2524 esse
1818 2491 1920 2523 cum

222 2542 288 2586 eis
318 2553 434 2597 qaae
456 2541 762 2597 praecedunt.-
800 2553 859 2584 ne
898 2540 1085 2584 avocari
1118 2576 1127 2584 .
1195 2552 1339 2596 passa
1377 2541 1448 2584 est
1489 2539 1603 2583 mihi
1640 2539 1696 2584 P
1724 2539 1921 2583 Thomas

218 2601 474 2656 persuasit5
503 2605 642 2645 antea
670 2599 1073 2657 interpunqebant:
1111 2576 1388 2652 adferentis,
1421 2611 1480 2642 ne
1511 2597 1697 2642 avocari
1728 2596 1919 2653 quidem

224 2673 272 2704 se
310 2671 453 2716 passa
492 2660 582 2704 est:
623 2659 850 2703 intenta.
914 2694 924 2704 .
958 2657 1114 2703 adfixa
1151 2658 1262 2703 talis
1303 2658 1320 2717 ΙΙ
1363 2634 1424 2702 2'6
1461 2658 1532 2702 est
1562 2658 1623 2712 A,
1654 2657 1774 2714 quod
1802 2656 1917 2712 volq.

225 2721 459 2774 omittunt,
493 2719 554 2787 ‘in
591 2732 621 2763 a
659 2731 708 2763 se
751 2717 887 2763 Gertz
922 2731 1065 2773 6οη,-
1100 2718 1308 2764 voculam
1340 2718 1500 2762 Haase
1535 2717 1604 2761 ita
1640 2716 1837 2761 servavit
1868 2719 1920 2758 ut

224 2779 456 2824 scriberet:
488 2777 540 2821 in
569 2777 745 2822 funere.
793 2790 888 2821 non
919 2776 1023 2821 dico
1055 2791 1150 2822 non
1181 2778 1252 2822 est
1283 2789 1398 2821 ausa
1431 2812 1440 2821 .
1468 2810 1477 2820 .
1553 2775 1570 2834 Η
1610 2774 1670 2820 28
1702 2774 1918 2818 amittere

225 2837 322 2881 edd.
356 2839 525 2893 antiqq.
565 2837 753 2881 mittere
785 2838 847 2891 A,
883 2837 962 2881 sed
999 2842 1105 2882 ante
1134 2852 1182 2880 m
1219 2850 1253 2881 s.
1271 2851 1310 2881 v.
1343 2850 1440 2881 una
1479 2835 1631 2880 littera
1669 2847 1802 2880 erasa
1839 2838 1918 2889 est,

224 2909 339 2952 quae
371 2908 399 2939 a
429 2896 572 2950 fuisse
598 2901 743 2952 potest
