2034 3086
53 1193 95 1226 15

560 6 643 52 DE
673 4 780 51 IRA
811 5 924 52 LIB.
947 4 1028 51 111.
1082 5 1211 53 CAP.
1237 10 1308 52 27.
1335 9 1392 52 28
1731 10 1835 66 137

131 131 252 201 quis
306 130 532 184 consilio
587 131 754 197 caret3
808 127 939 198 quid
992 127 1136 182 enim
1189 129 1353 183 refert
1402 147 1471 183 an
1522 129 1628 182 alia
1674 132 1837 185 mutis

130 204 412 259 dissimilia
448 205 663 272 habeat,
710 202 755 256 si
794 202 922 272 hoc,
962 202 1107 273 quod
1145 203 1203 257 in
1242 204 1390 257 0111111
1428 206 1650 274 peccato
1689 207 1839 259 muta

129 278 388 347 defendit,
441 279 615 333 simile
668 277 851 346 habet,
906 277 1192 349 caliginem
1253 278 1485 333 mentis?
1572 279 1838 349 peccavit:

128 354 233 408 1100
286 354 429 408 0111111
481 350 755 423 primum?
829 352 934 407 hoc
987 352 1131 406 enim
1185 353 1520 407 extremum?
1595 371 1707 408 non
1757 357 1839 408 est

128 428 273 498 quod
306 429 388 483 illi
419 427 625 496 credas,
663 426 826 480 etiam
859 427 905 481 si
937 427 1154 481 dixerit:
1201 426 1422 481 ‘iterum
1459 446 1572 482 non
1609 428 1839 483 faciam?

127 507 182 556 et
234 504 335 557 iste
387 502 634 573 peccabit
682 504 736 555 et
785 501 843 555 in
893 502 1056 556 istum
1107 501 1245 555 alius
1293 504 1347 555 et
1391 505 1508 557 tota
1548 501 1661 557 vita
1700 503 1840 557 inter

127 596 332 632 errores
385 576 731 630 volutabitur.
826 579 1100 630 mansuete
1162 576 1500 630 inmansueta
1559 579 1840 632 tractanda

127 657 267 707 sunt.
344 650 488 722 quod
527 651 585 704 in
621 651 775 705 luctu
813 650 920 705 dici
960 651 1098 705 solet
1136 650 1528 721 efficacissime,
1571 656 1625 706 et
1663 653 1721 707 in
1759 654 1840 707 ira

126 726 353 782 dicetur:
391 728 573 779 utrum
612 725 903 796 aliquando
934 726 1143 780 desines
1174 744 1246 779 an
1274 726 1607 796 numquam?
1665 729 1714 783 si
1746 728 1840 782 ali·

127 801 364 873 quand0,
403 804 606 871 quanto
646 801 815 855 satius
854 803 937 855 est
967 801 1102 854 iram
1132 801 1434 872 relinquere
1466 819 1629 872 quam
1660 802 1728 856 ab
1759 804 1840 858 ira

125 876 380 946 relinqui!
441 894 511 930 an
542 894 752 947 semper
781 876 915 931 haec
944 876 1235 931 concitatio
1267 876 1638 947 permanebit?
1690 878 1839 933 vides

126 969 288 1022 quam
341 951 646 1021 inpacatam
700 951 802 1005 tibi
855 951 1137 1005 denunties
1190 951 1396 1006 vitam?
1472 952 1647 1022 qualis
1695 953 1839 1006 enim

124 1026 228 1079 erit
265 1044 475 1097 semper
511 1026 807 1080 tumentis?
870 1027 1020 1081 adice
1058 1044 1203 1081 nunc
1242 1027 1410 1097 quod,
1450 1045 1573 1082 cum
1610 1026 1747 1081 bene
1785 1031 1839 1082 te

125 1102 241 1171 ipse
291 1100 627 1156 succenderis
674 1105 730 1155 et
774 1101 999 1156 subinde
1046 1119 1262 1175 causas,
1295 1102 1490 1172 quibus
1531 1102 1838 1172 stimuleris,

124 1175 487 1245 renovaveris,
538 1194 635 1230 sua
684 1179 878 1246 sponte
925 1177 1004 1230 ira
1049 1176 1287 1231 discedet
1331 1180 1386 1240 et
1423 1177 1563 1231 vires
1603 1177 1686 1230 illi
1725 1178 1837 1231 dies

125 1250 422 1305 subtrahet·
462 1253 665 1321 quanto
699 1250 866 1305 satius
897 1255 980 1306 est
1010 1270 1042 1305 a
1071 1254 1125 1305 te
1157 1251 1307 1305 illam
1338 1251 1485 1306 111101
1517 1270 1679 1322 quam
1703 1271 1735 1306 a
1760 1253 1837 1306 se!

274 1338 525 1394 XXVIII.
578 1338 769 1395 Huic
754 1341 1020 1410 irasceris,
1060 1340 1250 1395 deinde
1282 1341 1387 1412 illi3
1426 1342 1614 1412 servis,
1647 1341 1838 1396 deinde

124 1415 354 1486 libertis3
386 1415 720 1501 parentibus,
750 1415 940 1470 deinde
970 1417 1177 1487 liberis3
1207 1416 1375 1486 notis,
1399 1416 1589 1471 deinde
1613 1418 1837 1490 ignotis:

125 1491 323 1562 ubique
361 1509 505 1545 emm
543 1508 735 1564 causae
774 1495 1083 1562 supersunt,
1128 1457 1234 1545 nisi
1274 1491 1588 1562 deprecator
1626 1493 1836 1547 animus

123 1566 360 1620 accessit.
423 1566 551 1620 111110
588 1570 643 1620 te
682 1554 778 1621 illo
817 1567 969 1621 furor
1006 1567 1201 1638 rapiet,
1240 1566 1392 1621 illinc
1427 1567 1557 1638 alic,
1597 1571 1651 1624 et
1679 1569 1836 1623 novis

123 1640 348 1695 subinde
410 1641 768 1696 inritamentis
831 1642 1127 1696 orientibus
1181 1641 1587 1697 continuabitur
1639 1643 1835 1697 rabies:

123 1733 244 1788 age,
291 1715 501 1786 infelix,
547 1716 825 1787 ecquando
872 1717 1114 1772 amabis?
1190 1736 1222 1771 0
1264 1736 1425 1788 quam
1463 1718 1666 1773 bonum
1706 1721 1837 1772 tem·

1870 668 1898 707 4

1870 1041 1898 1082 5

122 1809 224 1862 pus
264 1791 321 1846 in
349 1809 408 1846 re
439 1792 583 1846 mala
612 1792 815 1863 perdis!
878 1796 1081 1863 quanto
1112 1810 1257 1848 nunc
1288 1796 1403 1847 erat
1434 1795 1601 1848 satius
1633 1794 1835 1849 amicos
1867 1806 1894 1846 2

122 1885 332 1937 parare,
372 1867 619 1923 inimicos
658 1868 930 1940 mitigare,
976 1886 1088 1923 rem
1135 1867 1407 1939 publicam
1447 1869 1835 1940 administrare,

122 1942 410 1997 transferre
471 1943 529 1997 in
581 1961 666 1998 res
719 1943 1040 1999 domesticas
1099 1962 1341 2015 operam,
1396 1962 1556 2015 quam
1612 1944 1836 2000 circum-

123 2017 349 2087 spicere,
389 2018 519 2089 quid
558 2018 721 2074 alicui
760 2018 933 2074 facere
969 2019 1144 2090 possis
1177 2020 1328 2090 mali,
1360 2020 1506 2091 quod
1537 2022 1631 2074 aut
1662 2020 1836 2092 digni·

122 2093 221 2146 tati
271 2093 386 2147 eius
436 2097 531 2147 aut
579 2094 906 2165 patrimonio
958 2097 1052 2148 aut
1097 2095 1313 2165 corpori
1358 2095 1555 2150 vulnus
1604 2094 1833 2167 infligas,

122 2183 244 2220 cum
284 2168 340 2222 id
378 2168 476 2222 tibi
517 2169 829 2241 contingere
869 2169 983 2223 sine
1022 2169 1311 2224 certamine
1350 2188 1412 2225 ac
1451 2170 1691 2241 periculo
1723 2188 1835 2224 non

122 2242 316 2311 possit,
355 2243 516 2297 etiam
549 2244 595 2298 si
626 2261 749 2299 cum
783 2244 1034 2298 inferiore
1065 2245 1372 2300 concurses!
1435 2245 1675 2299 vinctum
1707 2246 1836 2300 licet

121 2317 354 2387 accipias
393 2321 448 2372 et
485 2318 552 2372 ad
591 2318 873 2373 arbitrium
916 2322 1070 2373 tuum
1110 2320 1257 2374 omni
1295 2320 1586 2391 patientiae
1626 2321 1834 2390 exposi-

122 2394 261 2445 tum:
300 2410 458 2463 saepe
488 2394 657 2448 nimia
682 2394 764 2448 vis
796 2393 1065 2448 caedentis
1090 2398 1184 2448 aut
1206 2395 1493 2451 articulum
1516 2395 1638 2450 loco
1664 2395 1836 2449 movit

123 2469 217 2519 aut
253 2484 477 2522 nervum
518 2469 574 2522 in
612 2467 698 2523 his
738 2487 874 2540 quos
906 2469 1141 2541 fregerat
1170 2469 1419 2524 dentibus
1451 2469 1594 2540 fixit,
1633 2471 1832 2525 multos

273 2598 297 2643 1
343 2599 487 2645 mutis
527 2613 554 2648 ς
600 2605 642 2647 et
679 2601 795 2660 volq
836 2599 998 2646 multis
1034 2602 1080 2647 A
1117 2601 1141 2673 J!
1183 2600 1214 2647 8
1252 2601 1407 2648 simile
1438 2612 1468 2648 ς
1505 2601 1706 2648 similem
1739 2603 1784 2648 A
1797 2603 1833 2672 ΙΙ

123 2656 580 2716 810101110011111Δῑ,
609 2660 900 2707 sedintern
932 2661 1310 2709 etralmman.
1344 2662 1499 2709 iada.
1531 2662 1550 2723 ΙΙ
1586 2662 1643 2708 11
1676 2662 1832 2708 conci-

124 2718 244 2764 tatio
278 2717 417 2765 Gertz
447 2719 676 2778 cogitatio
700 2721 801 2767 AL
828 2722 834 2779 Ι
861 2720 1027 2766 vides.
1094 2721 1307 2767 ,vitam?
1338 2724 1631 2781 interpunxit
1654 2722 1787 2769 Koch
1815 2723 1833 2781 ΙΙ

126 2775 183 2822 12
215 2777 496 2824 denuntient
519 2781 564 2825 A
598 2780 782 2837 (ultima
813 2796 843 2825 n
869 2782 1060 2839 pionem
1088 2781 1192 2839 del.)
1223 2783 1240 2841 ΙΙ
1266 2781 1327 2828 22
1359 2782 1604 2841 ecquando
1633 2782 1831 2841 Bentley

125 2839 174 2882 et
204 2838 392 2895 quando
418 2840 461 2885 A
493 2842 510 2895 ΙΙ
538 2838 598 2885 82
629 2840 702 2885 his
728 2843 771 2886 A
806 2841 846 2886 is
878 2841 1112 2888 Rossbach

1867 2256 1893 2298 3

1986 2409 2030 2512 7,
