2028 3106
200 87 308 143 288
537 84 589 130 L.
612 83 849 127 ANNAEI
881 82 1153 128 SENECAE
1185 82 1342 127 DIAL.
1367 82 1479 127 LIB.
1503 82 1558 128 X.

143 221 169 261 5
200 207 398 261 nedum
447 209 509 258 ut
561 205 653 258 isti
707 206 891 259 sciant.
969 205 1173 275 magni,
1224 205 1358 258 mihi
1409 206 1585 274 crede,
1636 208 1690 258 et
1740 223 1902 274 supra

201 282 464 335 humanos
515 298 717 333 errores
766 279 1048 333 eminentis
1095 279 1199 332 viri
1237 282 1319 333 est
1355 278 1494 332 nihil
1531 298 1597 332 ex
1636 297 1732 332 suo
1772 283 1902 332 tem-

202 374 334 426 pore
383 355 607 408 delibari
657 355 850 423 sinere,
897 356 950 406 et
995 353 1114 405 ideo
1154 354 1268 407 eius
1308 355 1419 406 vita
1455 353 1772 425 longissima
1809 357 1904 422 est,

205 432 354 500 quia,
385 431 879 499 quantumcumque
911 428 1109 496 patuit,
1141 431 1318 482 totum
1350 429 1456 498 ipsi
1486 430 1710 482 vacavit.
1766 429 1907 482 nihil

202 504 327 558 inde
376 504 641 557 incultum
693 503 1034 570 otiosumque
1082 502 1268 572 iacuit,
1313 502 1451 555 nihil
1496 503 1594 556 sub
1643 503 1748 555 alio
1786 503 1907 570 fuit,
1960 521 1980 554 ο

203 596 376 647 neque
416 578 558 630 enim
599 578 887 647 quicquam
922 576 1158 645 repperit
1189 577 1413 649 dignum
1445 577 1589 646 quod
1622 594 1745 630 cum
1775 580 1907 630 tem-

203 670 335 722 pore
383 670 481 706 suo
531 654 861 722 permutaret
907 654 1087 704 custos
1134 652 1247 704 eius
1290 651 1648 721 parcissimus.
1725 652 1906 721 itaque

205 727 334 781 satis
372 727 454 780 illi
490 727 617 780 fuit:
659 727 704 780 is
743 743 869 779 vero
909 743 1123 779 necesse
1162 729 1244 779 est
1282 727 1535 795 defuisse,
1573 745 1640 780 ex
1678 743 1906 796 quorum

148 815 174 855 6
204 802 317 855 vita
365 802 598 855 multum
648 801 883 870 populus
933 800 1074 853 tulit.
1161 818 1261 854 nec
1300 804 1381 854 est
1420 801 1564 869 quod
1602 804 1760 870 putes
1798 818 1910 853 non

206 876 328 930 illos
379 876 668 946 aliquando
718 875 1028 946 intellegere
1079 875 1334 928 damnum
1385 893 1565 928 suum:
1627 875 1909 944 plerosque
1943 893 1985 925 ιο

208 955 349 1005 certe
389 951 571 1004 audies
611 968 677 1002 ex
714 949 782 1019 is,
834 968 968 1020 quos
1008 968 1205 1022 magna
1242 950 1471 1004 felicitas
1512 953 1723 1021 gravat,
1771 949 1911 1002 inter

208 1026 486 1079 clientium
545 1042 734 1095 greges
790 1028 884 1077 aut
937 1042 1216 1078 causarum
1271 1025 1508 1079 actiones
1563 1027 1658 1077 aut
1711 1027 1910 1078 ceteras

207 1100 460 1153 honestas
515 1099 756 1151 miserias
812 1099 1109 1152 exclamare
1163 1099 1455 1152 interdum:
1525 1098 1729 1152 ‘vivere
1778 1098 1913 1151 mihi

152 1186 176 1226 7
209 1193 319 1227 non
356 1173 519 1227 licet?
590 1172 778 1242 quidni
815 1191 927 1225 non
963 1172 1159 1226 liceat?
1220 1190 1405 1226 omnes
1444 1173 1548 1241 illi,
1587 1174 1681 1242 qui
1718 1177 1772 1226 te
1811 1173 1915 1226 sibi

210 1249 495 1317 advocant,
535 1247 636 1300 tibi
674 1247 961 1301 abducunt.
1037 1247 1129 1301 1118
1168 1265 1290 1300 18118
1331 1250 1465 1317 quot
1503 1246 1615 1300 dies
1655 1246 1915 1300 abstulit?
1947 1263 1989 1297 1⁶

213 1326 346 1391 quot
393 1323 486 1376 ille
538 1321 888 1375 candidatus?
973 1326 1106 1391 quot
1144 1322 1238 1375 illa
1275 1340 1408 1375 anus
1449 1322 1727 1375 efferendis
1766 1321 1914 1374 here-

212 1398 366 1451 dibus
419 1396 597 1450 lassa?
673 1401 805 1467 quot
855 1398 946 1451 ille
996 1398 1063 1451 ad
1112 1397 1424 1451 irritandam
1475 1397 1755 1451 avaritiam
1794 1414 1915 1465 cap-

211 1472 442 1525 tantium
483 1472 765 1526 simulatus
806 1473 998 1543 aeger?
1084 1476 1223 1542 quot'
1256 1473 1346 1526 ille
1385 1472 1660 1542 potentior
1698 1471 1918 1539 amicus,

38 1538 39 1541 ¹
112 1618 115 1624 .
213 1548 306 1617 qui
346 1565 439 1601 vos
478 1566 590 1601 non
627 1547 685 1601 in
724 1547 983 1616 amicitia,
1021 1548 1114 1601 sed
1152 1547 1210 1600 in
1248 1550 1509 1616 apparatu
1547 1546 1744 1599 habet?
1815 1545 1917 1598 dis-

211 1641 415 1693 punge,
470 1622 715 1691 inquam,
774 1625 827 1675 et
883 1639 1099 1675 recense
1145 1622 1286 1675 vitae
1336 1626 1460 1674 tuae
1507 1621 1642 1675 dies:
1710 1620 1916 1674 videbis
1950 1638 1994 1670 20

154 1709 180 1749 8
212 1714 413 1765 paucos
468 1696 758 1749 admodum
814 1698 868 1748 et
911 1696 1145 1769 ¹reiculos
1196 1698 1328 1765 aput
1376 1699 1430 1749 te
1480 1695 1750 1749 resedisse.
1830 1695 1918 1748 ad-

215 1774 428 1824 secutus
490 1770 582 1823 ille
645 1788 780 1840 quos
844 1767 1123 1839 optaverat
1185 1771 1355 1824 fasces
1411 1771 1560 1840 cupit
1612 1788 1811 1840 ponere
1866 1773 1919 1823 et

215 1845 440 1898 subinde
491 1844 643 1898 dicit:
706 1844 720 1868 ‘
734 1845 948 1913 quando
995 1846 1084 1899 hic
1130 1863 1302 1899 annus
1341 1844 1713 1915 praeteribit?
1787 1845 1920 1898 facit

214 1920 307 1973 1118
344 1919 525 1987 ludos,
565 1937 794 1987 quorum
835 1923 1035 1974 sortem
1075 1920 1179 1974 sibi
1219 1920 1498 1992 optingere
1536 1937 1733 1990 magno
1766 1918 1920 1972 aesti-

214 1994 403 2047 mavit:
445 1993 711 2063 ‘quando'
750 1995 927 2065 inquit
966 1994 1125 2049 ‘istos
1165 1993 1481 2067 effugiam?'
1550 1994 1800 2063 diripitur
1828 1994 1920 2046 ille
1952 2008 1994 2043 8⁶

216 2073 332 2123 toto
387 2069 506 2122 foro
561 2072 819 2138 patronus
870 2073 924 2123 et
972 2087 1170 2141 magno
1222 2087 1486 2124 concursu
1536 2069 1716 2123 omnia
1763 2069 1922 2136 ultra,

218 2162 378 2212 quam
418 2143 592 2196 audiri
623 2147 825 2213 potest,
857 2146 1112 2214 complet:
1154 2144 1420 2214 ‘quando'
1451 2144 1628 2213 inquit
1661 2143 1768 2197 ‘res
1800 2160 1921 2212 pro-

217 2218 516 2271 ferentur?'
592 2218 909 2288 praecipitat
959 2219 1186 2288 quisque
1235 2219 1402 2272 vitam
1454 2236 1606 2271 suam
1654 2221 1708 2270 et
1752 2216 1922 2270 futuri

161 2304 186 2343 9
219 2291 479 2345 desiderio
518 2293 751 2361 laborat,
789 2293 1151 2362 praesentium
1191 2293 1381 2347 taedio.
1450 2297 1506 2345 at
1542 2292 1634 2344 ille
1674 2291 1768 2360 qui
1805 2290 1922 2343 nul-

218 2367 332 2419 lum
386 2385 497 2419 non
550 2371 762 2436 tempus
817 2368 875 2421 in
927 2385 1056 2420 usus
1108 2384 1233 2420 suos
1284 2367 1514 2436 confert,
1564 2366 1657 2436 qui
1708 2382 1921 2419 omnem
1955 2381 1997 2413 3ο

368 2496 398 2540 5
429 2498 722 2553 otiosumque
746 2499 896 2543 iacuit
917 2499 1032 2556 voly.
1066 2499 1264 2555 otiumq;
1286 2498 1480 2542 uacauit
1503 2497 1586 2553 A⁶,
1611 2511 1666 2542 ex
1689 2495 1758 2542 A¹
1781 2496 1922 2551 scrip-

220 2563 328 2602 tura
357 2562 584 2614 apparent
615 2558 815 2603 litterae.-
846 2558 967 2603 otios
994 2591 1265 2604 ........
1293 2557 1394 2601 auit
1431 2557 1447 2616 ΙΙ
1483 2557 1512 2602 8
1543 2558 1583 2601 18
1614 2556 1682 2602 A¹
1712 2556 1786 2599 his
1811 2553 1880 2599 A²
1909 2553 1925 2613 ΙΙ

220 2616 249 2660 9
279 2630 374 2661 11011
398 2617 597 2674 Madviy
619 2618 796 2662 incerta
818 2619 934 2663 coni.
965 2618 1076 2662 hinc
1100 2618 1147 2663 A
1177 2617 1332 2661 minus
1364 2618 1466 2662 Joh.
1495 2617 1671 2663 Malleo-
1692 2616 1708 2675 Η
1739 2614 1796 2658 11
1826 2613 1924 2658 exis

221 2677 305 2731 A¹,
334 2676 368 2719 h
398 2690 543 2733 supra
573 2677 591 2719 i
622 2677 728 2722 add.
761 2692 818 2722 m.
851 2692 1006 2723 recens
1046 2678 1062 2737 Η
1103 2676 1162 2722 18
1205 2679 1321 2733 quot
1358 2678 1472 2735 voly,
1514 2691 1605 2732 quo
1637 2675 1684 2720 A
1721 2674 1738 2733 ΙΙ
1779 2672 1837 2717 19
1875 2673 1925 2716 111

223 2736 434 2780 amicitia
467 2735 548 2780 sed
579 2735 630 2779 in
661 2738 896 2793 apparatu
925 2739 1040 2796 volq.
1074 2736 1339 2781 inamicitia
1371 2737 1453 2781 sed
1483 2735 1772 2792 inapparatu
1798 2733 1844 2777 A
1875 2733 1926 2777 in

224 2795 482 2839 amicitiam
527 2795 610 2839 sed
650 2795 702 2839 in
744 2798 1027 2853 apparatum
1062 2807 1091 2841 ς
1135 2795 1151 2855 ΙΙ
1195 2795 1252 2840 21
1293 2795 1511 2841 1811811108
1546 2795 1776 2840 Erasmus
1812 2792 1925 2837 ridi-

224 2853 352 2898 culos
379 2858 424 2900 A
455 2855 471 2916 ΙΙ
508 2854 568 2900 30
599 2868 783 2901 0111118111
816 2856 942 2902 diem
970 2856 1106 2903 Gertz
1138 2859 1188 2901 68
1222 2855 1317 2902 dies
1339 2857 1386 2902 A
1416 2855 1496 2901 sed
1526 2867 1575 2899 es
1606 2868 1663 2899 m.
1688 2856 1722 2899 2
1750 2854 1803 2898 in
1832 2867 1924 2899 ras.

218 2927 305 2969 pro
337 2918 362 2957 8
392 2916 484 2959 vid.
514 2916 751 2972 scripsisse
