2028 3106
322 93 405 138 AD
438 91 764 138 PAVLINVM
793 92 876 138 DE
908 91 1259 138 BREVITATE
1282 91 1471 137 VITAE
1503 90 1632 137 CAP.
1659 95 1714 136 10
1784 93 1894 148 293

187 216 483 286 praesentis
537 216 834 286 voluptatis
879 215 1150 269 lenocinio
1202 214 1653 285 surripiebantur,
1702 217 1896 268 retrac-

187 291 353 346 tando
407 294 704 362 patescunt.
781 309 940 344 nemo
949 331 969 359 ,
1017 290 1119 343 nisi
1179 290 1310 359 quoi
1364 289 1546 343 omnia
1598 291 1720 343 acta
1772 292 1898 343 sunt

188 367 288 421 sub
336 384 561 421 censura
607 384 724 435 sua,
772 383 909 436 quae
954 381 1252 434 numquam
1297 364 1528 434 fallitur,
1571 364 1804 418 libenter
1841 382 1897 418 se

188 442 246 495 in
283 441 636 511 praeteritum
665 443 966 511 retorquet3
1004 439 1096 493 ille
1129 440 1223 509 qui
1254 440 1427 493 multa
1457 439 1742 493 ambitiose
1773 457 1898 494 con-

135 537 155 570 ⁵
187 516 379 585 cupiit,
427 516 655 585 superbe
702 515 1052 586 contempsit,
1097 515 1405 584 inpotenter
1441 514 1596 584 vicit,
1641 514 1898 573 insidiose

187 591 418 660 decepit,
460 610 619 645 avare
657 592 861 662 rapuit,
900 590 1127 661 prodige
1166 589 1380 660 effudit,
1417 606 1632 643 necesse
1671 591 1752 643 est
1790 607 1898 643 me-

186 666 415 719 moriam
467 684 620 720 suam
670 667 874 720 timeat.
952 666 1104 735 atqui
1153 665 1287 719 haec
1336 667 1418 719 est
1466 683 1592 735 pars
1637 664 1897 734 temporis

184 741 358 794 nostri
398 759 549 796 sacra
587 758 650 795 ac
689 741 967 810 dedicata,⁸
1002 740 1178 793 omnis
1217 741 1482 793 humanos
1522 757 1677 794 casus
1716 756 1899 809 super-

186 829 392 888 gressa,
447 820 599 870 extra
651 834 879 887 regnum
932 815 1182 869 fortunae
1237 814 1522 884 subducta,
1579 832 1741 884 quam
1786 831 1899 868 non

111 911 155 944 ιο
185 892 392 961 inopia,
438 910 551 945 non
595 894 770 944 metus
778 933 793 960 ,
839 909 951 944 non
996 890 1309 944 morborum
1354 890 1600 944 incursus
1638 889 1898 962 ‘exagitet3

184 967 317 1021 haec
354 984 454 1021 nec
491 966 699 1019 turbari
736 983 837 1021 nec
875 966 1012 1036 eripi
1050 968 1253 1036 potest:
1291 967 1551 1035 perpetua
1588 965 1703 1018 eius
1736 967 1789 1018 et
1820 964 1899 1018 in-

183 1042 396 1111 trepida
441 1042 712 1111 possessio
762 1045 857 1095 est.
936 1041 1140 1112 singuli
1178 1043 1389 1094 tantum
1430 1039 1566 1109 dies,
1613 1042 1667 1092 et
1704 1040 1763 1092 hi
1801 1057 1899 1109 per

184 1118 472 1185 momenta,
504 1120 810 1186 praesentes
843 1119 992 1186 sunt3
1025 1119 1081 1169 at
1102 1116 1379 1184 praeteriti
1410 1115 1670 1185 temporis
1697 1131 1898 1184 omnes,

184 1208 306 1245 cum
355 1191 643 1260 iusseritis,
691 1192 938 1260 aderunt,
985 1191 1053 1243 ad
1091 1190 1375 1243 arbitrium
1413 1193 1569 1243 tuum
1607 1190 1804 1259 inspici
1842 1206 1899 1243 se

110 1285 152 1318 15
183 1283 246 1320 ac
285 1266 514 1320 detineri
551 1267 847 1336 patientur,
888 1265 1034 1335 quod
1071 1264 1246 1318 facere
1279 1265 1555 1334 occupatis
1586 1283 1700 1318 non
1730 1267 1898 1318 vacat.

184 1358 400 1395 securae
438 1344 494 1394 et
533 1341 746 1411 quietae
786 1341 982 1395 mentis
1023 1343 1105 1394 est
1135 1340 1194 1393 in
1225 1358 1410 1393 omnes
1442 1340 1586 1393 vitae
1619 1357 1747 1394 suae
1778 1358 1898 1410 par-
1929 1353 1957 1394 5

182 1419 263 1470 tes
296 1416 616 1486 discurrer03
656 1419 1041 1487 occupatorum
1072 1415 1263 1485 animi,
1299 1415 1448 1468 velut
1480 1414 1578 1468 sub
1611 1415 1740 1485 iugo
1774 1414 1900 1484 sint,

182 1490 396 1544 flectere
444 1508 500 1544 se
548 1509 611 1545 ac
656 1492 921 1561 respicere
959 1509 1071 1544 non
1109 1493 1350 1560 possunt.
1429 1489 1543 1543 abit
1581 1489 1749 1560 igitur
1785 1489 1899 1542 vita

183 1576 369 1619 eorum
416 1566 475 1619 in
521 1565 852 1636 profundum
900 1569 954 1619 et
999 1568 1062 1619 ut
1098 1566 1239 1618 nihil
1276 1565 1518 1636 prodest,
1565 1565 1695 1618 licet
1734 1578 1898 1634 quan-

107 1659 151 1693 ιο
182 1641 438 1695 tumlibet
468 1642 702 1713 ingeras,
737 1642 782 1695 si
814 1651 926 1705 non
957 1641 1142 1694 subest
1174 1641 1319 1710 quod
1350 1640 1584 1709 excipiat
1615 1657 1677 1693 ac
1708 1641 1898 1708 servet,

182 1717 284 1786 sic,
329 1715 470 1770 nihil
514 1717 679 1771 refert
725 1719 986 1786 quantum
1032 1716 1293 1785 temporis
1341 1715 1519 1784 detur,
1567 1715 1612 1767 si
1658 1732 1770 1768 non
1816 1717 1899 1768 est

181 1791 275 1845 ubi
336 1791 600 1861 subsidat,
662 1810 759 1861 per
820 1807 1044 1860 quassos
1098 1790 1410 1859 foratosque
1465 1790 1673 1843 animos
1726 1792 1897 1843 trans-

181 1867 428 1920 mittitur.
484 1884 733 1936 praesens
757 1868 970 1935 tempus
995 1866 1371 1919 brevissimum
1396 1868 1491 1934 est,
1515 1864 1646 1918 adeo
1665 1864 1897 1935 quidem,

181 1944 244 1994 ut
282 1942 604 2010 quibusdam
643 1941 854 1994 nullum
894 1940 1161 2011 videatur3
1207 1941 1265 1993 in
1304 1958 1464 1995 cursu
1503 1941 1646 1994 enim
1687 1958 1897 2010 semper

107 2033 151 2067 ιο
182 2018 284 2086 est,
323 2016 446 2070 fluit
476 2020 531 2071 et
562 2017 970 2087 praecipitatur3
1011 2019 1134 2069 ante
1165 2015 1363 2069 desinit
1394 2033 1508 2069 esse
1540 2033 1702 2085 quam
1734 2014 1895 2084 venit,

181 2109 281 2146 nec
330 2092 505 2163 magis
556 2110 764 2146 moram
816 2092 1022 2163 patitur
1071 2109 1233 2160 quam
1284 2090 1516 2144 mundus
1567 2093 1661 2143 aut
1707 2089 1896 2159 sidera,

332 2267 358 2312 1
385 2268 506 2313 surri
541 2268 762 2314 iebantur
784 2268 854 2315 A¹
877 2274 930 2314 ut
956 2268 1047 2314 vid.
1075 2267 1461 2326 subripiebantur
1483 2267 1554 2313 A⁶
1577 2265 1896 2324 subrepebant

182 2328 414 2374 Erasmus
449 2329 467 2387 ΙΙ
563 2329 676 2385 quoi
701 2329 874 2375 Gruter
904 2342 996 2385 quo
1021 2330 1067 2374 A
1098 2329 1114 2388 ΙΙ
1144 2328 1174 2374 9
1204 2342 1299 2373 non
1329 2333 1437 2374 amte
1467 2327 1629 2384 inopia
1660 2326 1769 2372 add.
1793 2341 1829 2373 s.
1853 2341 1894 2374 v

181 2386 253 2433 A¹
272 2388 290 2446 n
311 2385 372 2432 10
396 2390 548 2433 metus
572 2402 687 2435 corr.
712 2403 769 2434 ex
791 2388 963 2433 mestus
981 2388 1050 2434 A¹
1071 2389 1087 2447 ΙΙ
1111 2388 1171 2434 18
1193 2388 1517 2448 pmonimenta
1533 2388 1579 2433 A
1602 2400 1715 2433 corr.
1740 2388 1856 2446 volq.
1885 2386 1891 2447 Ι

182 2450 293 2492 sunt
315 2446 387 2493 A’
417 2448 514 2493 sint
537 2448 605 2494 A¹
675 2448 734 2494 14
765 2448 996 2494 iusseritis
1021 2449 1066 2493 A
1098 2450 1182 2505 cfr.
1193 2404 1317 2494 pJoh.
1345 2448 1524 2494 Malleo-
1554 2448 1607 2492 in
1637 2451 1723 2493 act.
1744 2447 1893 2493 Acad.

193 2506 383 2553 Vindob.
417 2507 621 2554 G'XVII
674 2511 781 2566 p.8
816 2508 1027 2562 iusseris,
1060 2507 1151 2553 tibi
1184 2507 1322 2554 Gertz
1363 2508 1380 2567 ΙΙ
1421 2507 1479 2552 15
1517 2506 1761 2564 patientur
1796 2507 1896 2552 sine

181 2566 322 2612 dubw
350 2566 514 2613 habuit
536 2567 607 2614 Αι
634 2568 888 2654 patiuntur
910 2568 979 2614 A⁶
1016 2568 1032 2627 ΙΙ
1075 2567 1134 2613 16
1165 2567 1411 2638 omassuite
1450 2569 1581 2624 (eras.
1607 2567 1699 2612 vid.
1732 2568 1771 2624 s)
1755 2566 1850 2624 >A
1878 2565 1896 2627 ΙΙ

183 2626 242 2671 18
274 2625 378 2672 abit
406 2625 557 2685 igitur
579 2629 626 2674 A
671 2643 724 2675 m
754 2642 846 2674 ras.
871 2634 916 2675 et
943 2642 1089 2685 supra
1117 2628 1254 2684 finem
1284 2628 1408 2674 vocis
1438 2625 1541 2672 abit
1570 2627 1692 2672 duae
1717 2627 1896 2672 litterae

530 2687 683 2743 ,fort
715 2688 785 2735 eri
814 2688 986 2794 (τίὲν
1009 2688 1277 2746 liqaturam)
1306 2700 1465 2733 erasae
1486 2691 1596 2733 sumt
1623 2686 1641 2747 ΙΙ
1669 2685 1727 2731 21
1751 2684 1896 2732 refert

181 2757 270 2802 ηε
268 2691 417 2803 Ισίν.
438 2746 644 2793 taLIII
668 2751 747 2804 21,
765 2751 794 2794 4
833 2702 986 2808 {lgr
981 2753 1088 2793 ante
1117 2760 1340 2805 praesens
1371 2748 1559 2805 tempus
1590 2760 1646 2793 ea
1675 2746 1895 2792 excidisse

179 2810 318 2862 putat
355 2808 425 2854 W.
454 2781 652 2863 Gemoll,
848 2805 905 2854 de
940 2807 1101 2864 futwro
1117 2761 1339 2866 ptempore
1381 2806 1454 2865 (ef
1446 2822 1483 2853 r.
1514 2805 1618 2866 52)
1657 2820 1689 2852 a
1722 2805 1895 2853 Seneca

174 2864 422 2982 ἕωῖἔωεα
462 2868 583 2923 smt;
621 2868 857 2924 refutatur
894 2884 925 2914 a
963 2868 1145 2914 Gertzio
1174 2882 1229 2913 m
1259 2867 1365 2913 edit.
1397 2872 1441 2913 et
1469 2866 1572 2913 «Τοῖ’.
1600 2865 1837 2913 Malles-l.
1862 2866 1892 2913 1.

1972 185 2011 266 7.
