2034 3086
193 50 266 104 20
547 47 596 93 L.
623 45 862 91 ANNAEI
892 44 1166 91 SENECAE
1197 45 1354 91 DIAL.
1380 46 1494 93 LIB.
1518 46 1554 92 L

194 169 502 238 collumque
543 168 836 222 committit
872 167 1074 221 incisus
1113 171 1217 237 est,
1253 170 1406 221 tanta
1443 168 1538 221 illa
1574 170 1745 223 moles
1786 187 1898 223 cor-

191 243 315 297 ruit.
390 261 504 297 non
553 243 611 297 in
659 245 769 296 alto
807 243 942 296 latet
980 242 1200 312 spiritus
1237 260 1338 296 nec
1375 242 1563 313 utique
1600 243 1749 298 ferro
1783 263 1898 299 eru-

193 318 361 372 endus
401 321 505 388 est3
542 336 654 371 non
691 320 819 371 sunt
840 318 1061 371 vulnere
1091 317 1305 388 penitus
1337 318 1579 388 inpresso
1612 319 1900 373 scrutanda

191 393 526 463 praecordia:
564 392 623 445 in
659 392 907 462 proximo
947 409 1093 446 mors
1133 395 1227 446 est.
1302 410 1416 446 non
1454 396 1659 446 certum
1698 393 1766 447 ad
1796 394 1897 448 hos

192 468 332 523 ictus
395 467 658 521 destinavi
717 468 923 531 locum:
978 485 1314 537 quacumque
1367 467 1449 521 vis
1503 468 1748 538 pervium
1802 472 1897 523 est.

191 543 371 613 ipsum
416 542 552 595 illud
607 542 753 612 quod
790 544 1017 596 vocatur
1065 542 1226 612 mori,
1280 560 1386 612 quo
1441 543 1621 596 anima
1673 543 1899 597 discedit

168 637 225 672 .a
263 635 509 687 corpore,
546 616 762 671 brevius
802 620 885 671 est
931 635 1094 686 quam
1131 620 1196 671 ut
1233 616 1418 670 sentiri
1455 620 1608 671 tanta
1641 618 1897 672 velocitas

190 691 384 762 possit:
423 691 536 745 sive
573 691 756 746 fauces
793 692 968 745 nodus
1001 691 1166 762 elisit,
1198 691 1309 746 sive
1340 691 1727 762 spiramentum
1758 711 1899 763 aqua

191 766 506 836 praeclusit,
544 765 656 820 sive
693 766 752 820 in
791 769 954 837 caput
990 767 1173 837 lapsos
1212 767 1536 821 subiacentis
1568 768 1672 822 soli
1702 767 1899 822 duritia

192 841 534 911 comminuit,
587 841 699 895 siv'e
748 842 975 895 haustus
1025 841 1167 914 ignis
1219 859 1435 896 cursum
1485 842 1695 897 animae
1731 862 1898 897 reme-

190 916 331 971 antis
370 917 693 971 interscidit:
737 917 994 987 quicquid
1030 920 1134 986 est,
1172 920 1440 988 properat.
1495 918 1687 988 ecquid
1715 918 1898 972 erube-

189 991 376 1046 scitis?
450 992 596 1062 quod
634 995 747 1046 tam
787 992 894 1046 cito
933 993 1020 1062 fit,
1057 992 1260 1046 timetis
1301 992 1452 1046 diul“

337 1123 368 1168 5
399 1124 635 1169 destinavi
675 1126 791 1184 voly.
828 1124 1050 1170 estimaui
1073 1127 1120 1171 A
1167 1126 1172 1185 Ι
1220 1139 1516 1183 quacumque
1553 1125 1645 1182 vis,
1684 1127 1898 1184 pervium

189 1184 263 1228 est
293 1184 527 1240 Wozfflin,
558 1190 600 1230 et
628 1186 697 1230 sic
719 1187 766 1231 A
796 1186 892 1231 nisi
920 1186 1042 1243 quod
1071 1199 1094 1230 s
1125 1186 1177 1231 in
1205 1186 1281 1230 uis
1305 1187 1497 1243 pwnctis
1525 1191 1709 1242 notata,
1735 1187 1900 1232 deinde

188 1258 324 1289 erasa
353 1249 420 1289 est
449 1249 494 1289 et
523 1246 594 1289 est
624 1258 740 1290 corr.
766 1259 825 1291 ex
855 1247 904 1290 et
939 1245 957 1315 Ι]
997 1245 1027 1290 9
1057 1245 1216 1303 lapsos
1247 1246 1318 1291 A¹
1348 1245 1495 1303 lapsis
1527 1248 1630 1304 (aut
1658 1251 1750 1293 -asl
1781 1260 1897 1291 corr.

188 1303 260 1349 A⁵
296 1303 314 1363 ΙΙ
354 1303 412 1348 11
444 1304 614 1360 ecquid
651 1305 767 1363 volq.
805 1304 844 1349 Sc
875 1305 991 1362 quid
1021 1306 1082 1351 A.
1144 1305 1430 1363 Subscriptio
1459 1307 1605 1351 minio
1627 1307 1760 1364 picta
1788 1307 1900 1352 haec

189 1369 278 1409 est:
326 1363 376 1408 L.
400 1363 455 1409 A.
482 1363 657 1424 Senece
688 1365 751 1408 ad
780 1363 959 1410 lucilifi.
1016 1364 1170 1419 Quare
1202 1365 1365 1422 aliqua
1439 1365 1740 1411 incommoda
1762 1365 1898 1411 bonis

187 1423 306 1468 uiris
330 1423 572 1471 accidant.
598 1438 704 1469 cum
727 1424 1032 1481 prouidentia
1055 1425 1132 1470 sit.
1158 1425 1365 1483 explicit.
1447 1426 1564 1483 cipit
1588 1427 1593 1486 Ι
1614 1426 1689 1470 Ad
1707 1425 1894 1472 Serenfi.

188 1482 289 1529 Nec
318 1483 543 1529 iniuriam
574 1498 661 1530 nec
691 1484 914 1530 ctumelia
945 1485 1160 1542 accipere
1191 1485 1467 1543 sapientem.
1505 1486 1510 1546 Ι

1930 862 1972 894 10
