2028 3106
141 223 164 263 1

200 90 310 144 284
542 88 592 132 L.
617 87 853 132 ANNAEI
884 86 1159 133 SENECAE
1191 87 1349 133 DIAL.
1375 89 1485 134 ΗΒ.
1509 89 1564 133 Χ.

347 207 440 263 IV.
504 209 896 263 Potentissimis
936 212 990 262 et
1027 209 1084 261 in
1123 209 1293 262 altum
1332 212 1555 265 sublatis
1592 212 1899 267 hominibus

198 284 462 338 excidere·
485 302 642 337 voces
688 283 916 352 videbis,
969 283 1162 352 quibus
1203 285 1373 337 otium
1414 289 1622 356 optent,
1666 287 1901 357 laudent,

199 358 446 412 omnibus
484 358 639 411 bonis
679 358 788 411 suis
828 358 1144 427 praeferant.
1207 359 1434 427 cupiunt
1463 361 1677 414 interim
1708 379 1774 414 ex
1803 362 1900 414 illo

196 433 416 504 fastigio
470 450 588 501 su0,
639 431 685 484 si
730 434 849 485 tuto
895 432 1077 503 liceat,
1124 432 1461 503 descendere3
1502 453 1628 488 nam
1665 438 1726 487 ut
1762 436 1902 488 nihil

198 510 349 560 extra
399 507 628 560 lacessat
681 509 775 559 aut
828 507 1055 576 quatiat,
1117 507 1175 559 in
1229 525 1283 561 se
1337 508 1455 577 ipsa
1507 509 1726 562 fortuna
1777 511 1899 563 ruit.
1955 525 1976 558 5

197 581 352 635 divus
391 579 693 651 Augustus,
734 581 822 634 cui
861 581 936 633 dii
973 582 1131 651 plura
1170 599 1330 650 quam
1367 582 1468 634 ulli
1505 584 1901 652 praestiterunt,

196 674 308 710 non
369 655 507 709 desit
572 656 806 724 quietem
861 655 965 709 sibi
1017 656 1226 725 precari
1279 659 1333 709 et
1380 657 1715 711 vacationem
1765 676 1797 711 a
1845 677 1903 712 re

196 731 414 801 publica
452 733 656 800 petere3
695 730 869 783 omnis
908 730 1022 784 eius
1063 749 1236 784 sermo
1278 731 1344 784 ad
1378 731 1483 785 hoc
1515 751 1722 802 semper
1752 747 1902 786 revo-

0 814 51 853 ‘m
84 805 157 854 ΞΜ
195 806 342 859 lutus
386 807 489 874 est,
525 808 615 877 gt,
644 807 881 875 speraret
919 804 1113 858 otium:
1163 805 1269 859 hoc
1305 806 1515 860 labores
1556 825 1703 876 suos,
1742 807 1902 860 etiam

198 880 244 935 si
287 879 450 949 fals0,
498 879 642 933 dulci
687 882 867 932 tamen
914 879 1217 933 oblectabat
1256 880 1479 950 solacio,
1519 881 1806 950 aliquando
1848 900 1902 934 se
1934 896 1977 929 ιο

196 955 467 1008 victurum
509 954 626 1008 sibi.
701 954 761 1007 in
799 953 1030 1024 quadam
1068 954 1135 1007 ad
1175 957 1419 1008 senatum
1457 955 1621 1009 missa
1659 955 1903 1026 epistula,

198 1047 321 1083 cum
366 1028 605 1098 requiem
652 1047 804 1083 suam
849 1047 961 1082 non
997 1047 1220 1083 vacuam
1263 1029 1378 1082 fore
1418 1029 1696 1100 dignitatis
1734 1048 1835 1084 nec
1873 1049 1905 1083 a

196 1104 376 1174 priore
415 1103 590 1175 gloria
627 1103 1019 1173 discrepantem
1057 1103 1332 1173 pollicitus
1372 1107 1534 1173 esset,
1573 1104 1706 1158 haec
1743 1104 1906 1158 verba

196 1178 400 1232 inveni:
440 1177 455 1202 ‘
469 1179 562 1232 sed
592 1179 697 1232 ista
726 1178 844 1232 fieri
876 1178 1169 1248 speciosius
1195 1196 1356 1247 quam
1386 1178 1631 1248 promitti
1661 1183 1902 1249 possunt.

197 1272 282 1307 me
327 1256 510 1307 tamen
556 1253 752 1323 cupido
799 1253 1058 1322 temporis
1106 1253 1432 1322 optatissimi
1470 1254 1604 1307 mihi
1641 1255 1903 1324 provexit,
1935 1267 1978 1301 1⁶

196 1331 261 1382 ut
299 1329 555 1398 quoniam
592 1346 770 1381 rerum
808 1327 1015 1381 laetitia
1045 1331 1286 1381 moratur
1315 1328 1512 1397 adhuc,
1543 1329 1904 1399 praeciperem

138 1415 168 1456 4
198 1403 405 1473 aliquid
442 1403 736 1472 voluptatis
776 1421 842 1456 ex
878 1402 1165 1456 verborum
1205 1402 1519 1456 dulcedine?
1602 1406 1754 1457 tanta
1790 1403 1906 1458 visa

198 1481 281 1532 est
316 1496 400 1532 res
441 1478 636 1546 otium,
672 1481 734 1530 ut
772 1478 945 1547 illam,
986 1478 1112 1546 quia
1149 1496 1252 1531 usu
1287 1496 1399 1531 non
1436 1480 1670 1547 poterat,
1704 1479 1905 1549 cogita-

197 1552 345 1606 tione
383 1555 757 1623 praesumeret.
826 1553 920 1621 qui
960 1552 1141 1606 omnia
1177 1552 1394 1606 videbat
1431 1570 1498 1606 ex
1536 1571 1591 1606 se
1630 1571 1738 1607 uno
1778 1571 1904 1623 pen-

199 1627 400 1697 dentia,
455 1627 549 1697 qui
605 1627 916 1681 hominibus
979 1627 1333 1699 gentibusque
1395 1627 1667 1681 fortunam
1729 1627 1904 1697 dabat,
1934 1641 1978 1674 2⁰

196 1702 354 1756 illum
404 1702 544 1755 diem
592 1701 917 1756 laetissimus
972 1702 1267 1773 cogitabat,
1321 1719 1428 1771 quo
1478 1702 1903 1774 magnitudinem

199 1795 352 1832 suam
401 1779 630 1831 exueret.
708 1779 958 1847 expertus
1010 1780 1144 1846 erat,
1197 1779 1457 1847 quantum
1496 1777 1592 1830 illa
1628 1777 1770 1831 bona
1806 1795 1904 1848 per

200 1852 374 1906 omnis
426 1855 594 1906 terras
647 1851 912 1924 fulgentia
962 1852 1170 1906 sudoris
1221 1851 1602 1922 exprimerent,
1642 1854 1902 1922 quantum

140 1939 168 1980 5
200 1927 532 1982 occultarum
585 1927 1008 1981 sollicitudinum
1057 1929 1321 1998 tegerent:
1374 1945 1497 1982 cum
1543 1927 1750 1981 civibus
1797 1927 1904 1997 pri-

198 2020 370 2072 mum,
424 2002 614 2056 deinde
667 2020 789 2056 cum
842 2002 1087 2074 collegis,
1135 2002 1427 2057 novissime
1472 2019 1595 2056 cum
1636 2001 1902 2056 adfinibus
1933 2014 1976 2048 ²5

200 2080 416 2131 coactus
456 2078 618 2131 armis
650 2077 928 2131 decernere
959 2077 1096 2130 mari
1125 2079 1372 2147 terraque
1402 2076 1716 2148 sanguinem
1748 2076 1899 2130 fudit.

200 2170 296 2222 per
332 2151 724 2221 Macedoniam,
765 2151 1026 2221 Siciliam,
1064 2150 1396 2223 Aegyptum,
1445 2150 1657 2221 Syriam
1695 2149 1900 2205 Asiam-

201 2245 304 2296 que
359 2230 413 2280 et
466 2227 639 2281 omnis
692 2245 861 2297 prope
923 2245 1043 2280 oras
1104 2226 1246 2280 bello
1308 2227 1605 2280 circuactus
1660 2224 1902 2279 Romana

201 2301 361 2356 caede
396 2302 567 2356 lassos
607 2301 870 2356 exercitus
910 2301 978 2355 ad
1016 2304 1232 2355 externa
1262 2301 1406 2355 bella
1435 2301 1710 2355 convertit.
1773 2299 1900 2352 dum

200 2374 369 2446 Alpes
401 2379 558 2446 pacat
587 2376 970 2445 immixtosque
1001 2376 1202 2429 mediae
1234 2376 1356 2446 paci
1387 2378 1441 2429 et
1470 2374 1693 2445 imperio
1717 2374 1899 2428 hostes
1932 2387 1977 2419 ³⁰

201 2450 505 2520 perdomat,
558 2451 684 2504 dum
738 2451 826 2504 vel
877 2451 1020 2504 ultra
1073 2449 1322 2503 Rhenum
1376 2452 1431 2504 et
1481 2448 1796 2519 Euphraten
1848 2450 1903 2501 et

352 2612 383 2657 5
413 2613 464 2657 in
487 2626 536 2658 se
560 2622 588 2657 ς
616 2615 715 2658 inte
738 2614 785 2658 A
815 2612 833 2672 Η
861 2612 892 2657 6
915 2616 1010 2670 qua
1032 2612 1150 2657 nulli
1173 2612 1220 2657 A
1251 2625 1366 2657 corr.
1390 2612 1504 2670 voly.
1534 2611 1539 2667 Ι
1565 2609 1903 2667 praestiterant

205 2672 343 2718 Gertz
372 2672 390 2733 ΙΙ
418 2672 449 2717 9
480 2674 690 2730 speraret
722 2674 760 2730 (t
782 2674 835 2717 in
856 2687 949 2719 ras.
978 2687 1065 2730 pro
1088 2675 1127 2728 s)
1150 2673 1197 2717 A
1222 2677 1330 2729 post
1349 2672 1432 2716 hoc
1453 2671 1635 2716 verbum
1657 2669 1903 2715 inserenda

204 2746 295 2778 esse
331 2733 610 2791 significavit
642 2732 712 2777 Α*
749 2732 911 2777 otium.
970 2732 1058 2777 hoc
1095 2731 1304 2787 labores,
1341 2745 1458 2788 quae
1493 2731 1628 2776 verba
1665 2731 1718 2774 in
1758 2742 1902 2786 marq.

203 2793 431 2850 supplevit
457 2791 474 2852 ΙΙ
504 2792 564 2837 10
593 2791 747 2852 falsos]
775 2794 896 2849 (eras
934 2794 972 2849 s)
997 2794 1043 2836 A
1071 2791 1088 2851 ΙΙ
1118 2791 1177 2836 15
1206 2791 1300 2836 huc
1322 2796 1432 2848 post
1455 2790 1572 2834 mihi
1595 2789 1701 2834 add.
1729 2788 1866 2834 Gertz
1887 2787 1904 2846 ΙΙ

204 2851 266 2896 16
278 2853 502 2896 moratur.
526 2853 582 2896 ut
598 2851 753 2896 adhuc
762 2853 807 2897 A
819 2865 933 2897 corr.
943 2853 1056 2910 volq.
1070 2853 1075 2911 Ι
1095 2849 1501 2910 pciperessaliquid
1510 2850 1556 2895 A
1568 2850 1702 2907 (eras.
1710 2849 1775 2905 m)
1787 2860 1900 2893 corr.

207 2912 370 2957 Mur-et
389 2910 407 2971 ΙΙ
427 2911 488 2956 30
502 2913 647 2968 pacat
663 2922 691 2956 ς
713 2911 874 2969 placat
889 2912 936 2957 A
951 2911 968 2971 ΙΙ
988 2910 1046 2955 81
1065 2911 1175 2955 dum
1198 2910 1273 2956 vel
1292 2910 1426 2956 Gertz
1450 2910 1512 2954 dfi
1527 2911 1583 2954 ut
1598 2910 1644 2954 A
1662 2908 1773 2952 dum
1787 2907 1900 2964 volq.
