<?xml version="1.0" encoding="UTF-8"?>
<!DOCTYPE html PUBLIC "-//W3C//DTD XHTML 1.0 Transitional//EN"
    "http://www.w3.org/TR/xhtml1/DTD/xhtml1-transitional.dtd">
<html xmlns="http://www.w3.org/1999/xhtml" xml:lang="en" lang="en">
 <head>
  <title>
</title>
<meta http-equiv="Content-Type" content="text/html;charset=utf-8" />
  <meta name='ocr-system' content='tesseract 3.04.00' />
  <meta name='ocr-capabilities' content='ocr_page ocr_carea ocr_par ocr_line ocrx_word'/>
</head>
<body>
  <div class='ocr_page' id='page_1' title='image "./f1operaquaesuper01seneuoft_0302.png"; bbox 0 0 2028 3106; ppageno 0'>
   <div class='ocr_carea' id='block_1_1' title="bbox 145 373 196 412">
    <p class='ocr_par' dir='ltr' id='par_1_1' title="bbox 145 373 196 412">
     <span class='ocr_line' id='line_1_1' title="bbox 145 373 196 412; baseline 0 0"><span class='ocrx_word' id='word_1_1' title='bbox 145 373 196 412; x_wconf 94' lang='lat'><strong>11</strong></span> 
     </span>
    </p>
   </div>
   <div class='ocr_carea' id='block_1_2' title="bbox 143 892 196 931">
    <p class='ocr_par' dir='ltr' id='par_1_2' title="bbox 143 892 196 931">
     <span class='ocr_line' id='line_1_2' title="bbox 143 892 196 931; baseline 0 0"><span class='ocrx_word' id='word_1_2' title='bbox 143 892 196 931; x_wconf 83' lang='lat'><strong>12</strong></span> 
     </span>
    </p>
   </div>
   <div class='ocr_carea' id='block_1_3' title="bbox 231 81 1596 144">
    <p class='ocr_par' dir='ltr' id='par_1_3' title="bbox 231 81 1596 144">
     <span class='ocr_line' id='line_1_3' title="bbox 231 81 1596 144; baseline -0.005 -11"><span class='ocrx_word' id='word_1_3' title='bbox 231 89 339 144; x_wconf 81' lang='lat'><strong>278</strong></span> <span class='ocrx_word' id='word_1_4' title='bbox 556 85 605 129; x_wconf 87' lang='lat' dir='ltr'><strong>L.</strong></span> <span class='ocrx_word' id='word_1_5' title='bbox 632 83 867 128; x_wconf 87' lang='lat' dir='ltr'>ANNAEI</span> <span class='ocrx_word' id='word_1_6' title='bbox 900 81 1172 128; x_wconf 85' lang='lat' dir='ltr'>SENECAE</span> <span class='ocrx_word' id='word_1_7' title='bbox 1204 81 1360 126; x_wconf 91' lang='lat' dir='ltr'><strong>DIAL.</strong></span> <span class='ocrx_word' id='word_1_8' title='bbox 1386 82 1497 126; x_wconf 90' lang='lat' dir='ltr'><strong>LIB.</strong></span> <span class='ocrx_word' id='word_1_9' title='bbox 1522 81 1596 126; x_wconf 88' lang='lat' dir='ltr'><strong>IX.</strong></span> 
     </span>
    </p>
   </div>
   <div class='ocr_carea' id='block_1_4' title="bbox 228 203 1927 1229">
    <p class='ocr_par' dir='ltr' id='par_1_4' title="bbox 229 203 1927 872">
     <span class='ocr_line' id='line_1_4' title="bbox 229 203 1924 276; baseline -0.003 -15"><span class='ocrx_word' id='word_1_10' title='bbox 229 207 327 261; x_wconf 90' lang='lat' dir='ltr'><strong>teli</strong></span> <span class='ocrx_word' id='word_1_11' title='bbox 366 206 599 260; x_wconf 75' lang='lat' dir='ltr'><strong>‘nullum</strong></span> <span class='ocrx_word' id='word_1_12' title='bbox 630 223 887 276; x_wconf 85' lang='lat' dir='ltr'><strong>magnum</strong></span> <span class='ocrx_word' id='word_1_13' title='bbox 918 203 1194 275; x_wconf 86' lang='lat' dir='ltr'><strong>ingenium</strong></span> <span class='ocrx_word' id='word_1_14' title='bbox 1224 203 1338 256; x_wconf 89' lang='lat' dir='ltr'><strong>sine</strong></span> <span class='ocrx_word' id='word_1_15' title='bbox 1368 203 1602 256; x_wconf 80' lang='lat' dir='ltr'><strong>mixtura</strong></span> <span class='ocrx_word' id='word_1_16' title='bbox 1633 203 1924 256; x_wconf 85' lang='lat' dir='ltr'><strong>dementiae</strong></span> 
     </span>
     <span class='ocr_line' id='line_1_5' title="bbox 230 276 1925 351; baseline -0.003 -16"><span class='ocrx_word' id='word_1_17' title='bbox 230 280 383 335; x_wconf 88' lang='lat' dir='ltr'><strong>fuit&#39;:</strong></span> <span class='ocrx_word' id='word_1_18' title='bbox 421 299 533 334; x_wconf 80' lang='lat' dir='ltr'><strong>non</strong></span> <span class='ocrx_word' id='word_1_19' title='bbox 569 282 748 350; x_wconf 88' lang='lat' dir='ltr'><strong>potest</strong></span> <span class='ocrx_word' id='word_1_20' title='bbox 787 278 987 351; x_wconf 81' lang='lat' dir='ltr'>grande</span> <span class='ocrx_word' id='word_1_21' title='bbox 1025 276 1229 347; x_wconf 88' lang='lat' dir='ltr'><strong>aliquid</strong></span> <span class='ocrx_word' id='word_1_22' title='bbox 1267 280 1322 331; x_wconf 91' lang='lat' dir='ltr'><strong>et</strong></span> <span class='ocrx_word' id='word_1_23' title='bbox 1353 295 1512 346; x_wconf 91' lang='lat' dir='ltr'><strong>super</strong></span> <span class='ocrx_word' id='word_1_24' title='bbox 1542 280 1744 332; x_wconf 89' lang='lat' dir='ltr'><strong>ceteros</strong></span> <span class='ocrx_word' id='word_1_25' title='bbox 1775 278 1925 347; x_wconf 90' lang='lat' dir='ltr'><strong>loqui</strong></span> 
     </span>
     <span class='ocr_line' id='line_1_6' title="bbox 230 352 1927 423; baseline -0.002 -14"><span class='ocrx_word' id='word_1_26' title='bbox 230 356 335 410; x_wconf 87' lang='lat' dir='ltr'><strong>nisi</strong></span> <span class='ocrx_word' id='word_1_27' title='bbox 384 358 531 408; x_wconf 90' lang='lat' dir='ltr'><strong>mota</strong></span> <span class='ocrx_word' id='word_1_28' title='bbox 579 371 743 408; x_wconf 89' lang='lat' dir='ltr'><strong>mens.</strong></span> <span class='ocrx_word' id='word_1_29' title='bbox 828 371 950 407; x_wconf 90' lang='lat' dir='ltr'><strong>cum</strong></span> <span class='ocrx_word' id='word_1_30' title='bbox 1000 352 1241 423; x_wconf 84' lang='lat' dir='ltr'><strong>volgaria</strong></span> <span class='ocrx_word' id='word_1_31' title='bbox 1294 354 1348 405; x_wconf 91' lang='lat' dir='ltr'><strong>et</strong></span> <span class='ocrx_word' id='word_1_32' title='bbox 1397 352 1556 405; x_wconf 85' lang='lat' dir='ltr'><strong>solita</strong></span> <span class='ocrx_word' id='word_1_33' title='bbox 1604 352 1927 421; x_wconf 73' lang='lat' dir='ltr'><strong>contempsit</strong></span> 
     </span>
     <span class='ocr_line' id='line_1_7' title="bbox 231 426 1925 499; baseline -0.003 -15"><span class='ocrx_word' id='word_1_34' title='bbox 231 430 593 499; x_wconf 80' lang='lat' dir='ltr'><strong>instinctuque</strong></span> <span class='ocrx_word' id='word_1_35' title='bbox 632 446 782 482; x_wconf 87' lang='lat' dir='ltr'><strong>sacro</strong></span> <span class='ocrx_word' id='word_1_36' title='bbox 822 428 1051 481; x_wconf 88' lang='lat' dir='ltr'><strong>surrexit</strong></span> <span class='ocrx_word' id='word_1_37' title='bbox 1089 426 1370 496; x_wconf 82' lang='lat' dir='ltr'><strong>excelsior,</strong></span> <span class='ocrx_word' id='word_1_38' title='bbox 1413 429 1543 480; x_wconf 89' lang='lat' dir='ltr'><strong>tunc</strong></span> <span class='ocrx_word' id='word_1_39' title='bbox 1581 427 1795 480; x_wconf 88' lang='lat' dir='ltr'><strong>demum</strong></span> <span class='ocrx_word' id='word_1_40' title='bbox 1834 426 1925 479; x_wconf 89' lang='lat' dir='ltr'><strong>ali-</strong></span> 
     </span>
     <span class='ocr_line' id='line_1_8' title="bbox 232 501 1926 574; baseline -0.002 -16"><span class='ocrx_word' id='word_1_41' title='bbox 232 505 360 574; x_wconf 88' lang='lat' dir='ltr'><strong>quid</strong></span> <span class='ocrx_word' id='word_1_42' title='bbox 399 503 592 558; x_wconf 83' lang='lat' dir='ltr'><strong>cecinit</strong></span> <span class='ocrx_word' id='word_1_43' title='bbox 631 501 883 574; x_wconf 86' lang='lat' dir='ltr'><strong>grandius</strong></span> <span class='ocrx_word' id='word_1_44' title='bbox 923 521 1013 556; x_wconf 86' lang='lat' dir='ltr'><strong>ore</strong></span> <span class='ocrx_word' id='word_1_45' title='bbox 1051 501 1282 555; x_wconf 84' lang='lat' dir='ltr'><strong>mortali.</strong></span> <span class='ocrx_word' id='word_1_46' title='bbox 1342 518 1453 554; x_wconf 92' lang='lat' dir='ltr'><strong>non</strong></span> <span class='ocrx_word' id='word_1_47' title='bbox 1490 503 1668 570; x_wconf 89' lang='lat' dir='ltr'><strong>potest</strong></span> <span class='ocrx_word' id='word_1_48' title='bbox 1698 501 1926 555; x_wconf 90' lang='lat' dir='ltr'><strong>sublime</strong></span> 
     </span>
     <span class='ocr_line' id='line_1_9' title="bbox 231 575 1926 649; baseline -0.002 -16"><span class='ocrx_word' id='word_1_49' title='bbox 231 579 517 649; x_wconf 87' lang='lat' dir='ltr'><strong>quicquam</strong></span> <span class='ocrx_word' id='word_1_50' title='bbox 570 581 624 631; x_wconf 88' lang='lat' dir='ltr'><strong>et</strong></span> <span class='ocrx_word' id='word_1_51' title='bbox 668 577 726 630; x_wconf 93' lang='lat' dir='ltr'><strong>in</strong></span> <span class='ocrx_word' id='word_1_52' title='bbox 773 577 938 630; x_wconf 87' lang='lat' dir='ltr'><strong>arduo</strong></span> <span class='ocrx_word' id='word_1_53' title='bbox 977 577 1215 646; x_wconf 90' lang='lat' dir='ltr'><strong>positum</strong></span> <span class='ocrx_word' id='word_1_54' title='bbox 1254 575 1585 646; x_wconf 88' lang='lat' dir='ltr'><strong>contingere,</strong></span> <span class='ocrx_word' id='word_1_55' title='bbox 1636 594 1796 645; x_wconf 84' lang='lat' dir='ltr'><strong>quam</strong></span> <span class='ocrx_word' id='word_1_56' title='bbox 1834 576 1926 629; x_wconf 93' lang='lat' dir='ltr'><strong>diu</strong></span> 
     </span>
     <span class='ocr_line' id='line_1_10' title="bbox 230 650 1927 724; baseline -0.002 -17"><span class='ocrx_word' id='word_1_57' title='bbox 230 657 363 724; x_wconf 91' lang='lat' dir='ltr'><strong>aput</strong></span> <span class='ocrx_word' id='word_1_58' title='bbox 407 670 464 707; x_wconf 89' lang='lat' dir='ltr'><strong>se</strong></span> <span class='ocrx_word' id='word_1_59' title='bbox 512 654 614 705; x_wconf 85' lang='lat' dir='ltr'><strong>est:</strong></span> <span class='ocrx_word' id='word_1_60' title='bbox 662 651 922 706; x_wconf 82' lang='lat' dir='ltr'><strong>desciscat</strong></span> <span class='ocrx_word' id='word_1_61' title='bbox 970 653 1184 720; x_wconf 86' lang='lat' dir='ltr'><strong>oportet</strong></span> <span class='ocrx_word' id='word_1_62' title='bbox 1221 669 1253 703; x_wconf 85' lang='lat' dir='ltr'><strong>a</strong></span> <span class='ocrx_word' id='word_1_63' title='bbox 1291 650 1450 704; x_wconf 89' lang='lat' dir='ltr'><strong>solito</strong></span> <span class='ocrx_word' id='word_1_64' title='bbox 1497 653 1551 703; x_wconf 89' lang='lat' dir='ltr'><strong>et</strong></span> <span class='ocrx_word' id='word_1_65' title='bbox 1589 650 1837 704; x_wconf 81' lang='lat' dir='ltr'><strong>efferatur</strong></span> <span class='ocrx_word' id='word_1_66' title='bbox 1874 654 1927 704; x_wconf 90' lang='lat' dir='ltr'><strong>et</strong></span> 
     </span>
     <span class='ocr_line' id='line_1_11' title="bbox 229 724 1927 795; baseline -0.002 -14"><span class='ocrx_word' id='word_1_67' title='bbox 229 728 472 781; x_wconf 91' lang='lat' dir='ltr'><strong>mordeat</strong></span> <span class='ocrx_word' id='word_1_68' title='bbox 519 726 698 780; x_wconf 91' lang='lat' dir='ltr'><strong>frenos</strong></span> <span class='ocrx_word' id='word_1_69' title='bbox 749 729 802 780; x_wconf 90' lang='lat' dir='ltr'><strong>et</strong></span> <span class='ocrx_word' id='word_1_70' title='bbox 846 728 1108 780; x_wconf 91' lang='lat' dir='ltr'><strong>rectorem</strong></span> <span class='ocrx_word' id='word_1_71' title='bbox 1153 725 1329 795; x_wconf 88' lang='lat' dir='ltr'><strong>rapiat</strong></span> <span class='ocrx_word' id='word_1_72' title='bbox 1373 742 1529 779; x_wconf 88' lang='lat' dir='ltr'><strong>suum</strong></span> <span class='ocrx_word' id='word_1_73' title='bbox 1569 742 1738 793; x_wconf 89' lang='lat' dir='ltr'><strong>eoque</strong></span> <span class='ocrx_word' id='word_1_74' title='bbox 1774 724 1927 794; x_wconf 88' lang='lat' dir='ltr'><strong>ferat,</strong></span> 
     </span>
     <span class='ocr_line' id='line_1_12' title="bbox 231 801 1204 872; baseline -0.002 -16"><span class='ocrx_word' id='word_1_75' title='bbox 231 820 337 872; x_wconf 88' lang='lat' dir='ltr'><strong>quo</strong></span> <span class='ocrx_word' id='word_1_76' title='bbox 377 820 474 871; x_wconf 90' lang='lat' dir='ltr'><strong>per</strong></span> <span class='ocrx_word' id='word_1_77' title='bbox 511 819 567 855; x_wconf 90' lang='lat' dir='ltr'><strong>se</strong></span> <span class='ocrx_word' id='word_1_78' title='bbox 605 801 876 855; x_wconf 89' lang='lat' dir='ltr'><strong>timuisset</strong></span> <span class='ocrx_word' id='word_1_79' title='bbox 912 801 1204 854; x_wconf 87' lang='lat' dir='ltr'><strong>escendere.</strong></span> 
     </span>
    </p>

    <p class='ocr_par' dir='ltr' id='par_1_5' title="bbox 228 873 1926 1229">
     <span class='ocr_line' id='line_1_13' title="bbox 378 873 1926 945; baseline -0.003 -15"><span class='ocrx_word' id='word_1_80' title='bbox 378 875 581 943; x_wconf 83' lang='lat' dir='ltr'><strong>Habes,</strong></span> <span class='ocrx_word' id='word_1_81' title='bbox 629 875 824 930; x_wconf 84' lang='lat' dir='ltr'><strong>Serene</strong></span> <span class='ocrx_word' id='word_1_82' title='bbox 871 875 1165 945; x_wconf 87' lang='lat' dir='ltr'><strong>carissime,</strong></span> <span class='ocrx_word' id='word_1_83' title='bbox 1210 893 1345 945; x_wconf 85' lang='lat' dir='ltr'><strong>quae</strong></span> <span class='ocrx_word' id='word_1_84' title='bbox 1383 874 1593 945; x_wconf 89' lang='lat' dir='ltr'><strong>possint</strong></span> <span class='ocrx_word' id='word_1_85' title='bbox 1629 873 1926 943; x_wconf 87' lang='lat' dir='ltr'><strong>tranquilli-</strong></span> 
     </span>
     <span class='ocr_line' id='line_1_14' title="bbox 229 948 1925 1020; baseline -0.002 -16"><span class='ocrx_word' id='word_1_86' title='bbox 229 954 395 1005; x_wconf 82' lang='lat' dir='ltr'><strong>tatem</strong></span> <span class='ocrx_word' id='word_1_87' title='bbox 433 951 593 1020; x_wconf 87' lang='lat' dir='ltr'><strong>tueri,</strong></span> <span class='ocrx_word' id='word_1_88' title='bbox 634 969 768 1019; x_wconf 88' lang='lat' dir='ltr'><strong>quae</strong></span> <span class='ocrx_word' id='word_1_89' title='bbox 807 951 1109 1019; x_wconf 87' lang='lat' dir='ltr'><strong>restituere,</strong></span> <span class='ocrx_word' id='word_1_90' title='bbox 1158 968 1294 1020; x_wconf 84' lang='lat' dir='ltr'><strong>quae</strong></span> <span class='ocrx_word' id='word_1_91' title='bbox 1333 948 1742 1019; x_wconf 89' lang='lat' dir='ltr'><strong>subrepentibus</strong></span> <span class='ocrx_word' id='word_1_92' title='bbox 1780 948 1925 1002; x_wconf 82' lang='lat' dir='ltr'><strong>vitiis</strong></span> 
     </span>
     <span class='ocr_line' id='line_1_15' title="bbox 228 1023 1926 1096; baseline -0.002 -17"><span class='ocrx_word' id='word_1_93' title='bbox 228 1026 500 1096; x_wconf 81' lang='lat' dir='ltr'><strong>resistant3</strong></span> <span class='ocrx_word' id='word_1_94' title='bbox 557 1025 692 1079; x_wconf 82' lang='lat' dir='ltr'><strong>illud</strong></span> <span class='ocrx_word' id='word_1_95' title='bbox 744 1027 925 1077; x_wconf 89' lang='lat' dir='ltr'><strong>tamen</strong></span> <span class='ocrx_word' id='word_1_96' title='bbox 982 1025 1139 1093; x_wconf 88' lang='lat' dir='ltr'><strong>scito,</strong></span> <span class='ocrx_word' id='word_1_97' title='bbox 1195 1024 1334 1077; x_wconf 89' lang='lat' dir='ltr'><strong>nihil</strong></span> <span class='ocrx_word' id='word_1_98' title='bbox 1385 1023 1579 1078; x_wconf 90' lang='lat' dir='ltr'><strong>horum</strong></span> <span class='ocrx_word' id='word_1_99' title='bbox 1634 1024 1762 1078; x_wconf 84' lang='lat' dir='ltr'><strong>satis</strong></span> <span class='ocrx_word' id='word_1_100' title='bbox 1813 1041 1926 1077; x_wconf 86' lang='lat' dir='ltr'><strong>esse</strong></span> 
     </span>
     <span class='ocr_line' id='line_1_16' title="bbox 229 1098 1926 1167; baseline -0.001 -14"><span class='ocrx_word' id='word_1_101' title='bbox 229 1100 466 1154; x_wconf 82' lang='lat' dir='ltr'><strong>validum</strong></span> <span class='ocrx_word' id='word_1_102' title='bbox 522 1118 636 1153; x_wconf 93' lang='lat' dir='ltr'><strong>rem</strong></span> <span class='ocrx_word' id='word_1_103' title='bbox 691 1098 995 1152; x_wconf 89' lang='lat' dir='ltr'><strong>inbecillam</strong></span> <span class='ocrx_word' id='word_1_104' title='bbox 1047 1098 1403 1167; x_wconf 83' lang='lat' dir='ltr'><strong>servantibus,</strong></span> <span class='ocrx_word' id='word_1_105' title='bbox 1460 1098 1564 1152; x_wconf 89' lang='lat' dir='ltr'><strong>nisi</strong></span> <span class='ocrx_word' id='word_1_106' title='bbox 1614 1099 1820 1152; x_wconf 88' lang='lat' dir='ltr'><strong>intenta</strong></span> <span class='ocrx_word' id='word_1_107' title='bbox 1873 1101 1926 1151; x_wconf 91' lang='lat' dir='ltr'><strong>et</strong></span> 
     </span>
     <span class='ocr_line' id='line_1_17' title="bbox 229 1172 1494 1229; baseline -0.002 -1"><span class='ocrx_word' id='word_1_108' title='bbox 229 1174 451 1229; x_wconf 90' lang='lat' dir='ltr'><strong>adsidua</strong></span> <span class='ocrx_word' id='word_1_109' title='bbox 489 1193 616 1228; x_wconf 88' lang='lat' dir='ltr'><strong>cura</strong></span> <span class='ocrx_word' id='word_1_110' title='bbox 654 1173 902 1227; x_wconf 89' lang='lat' dir='ltr'><strong>circumit</strong></span> <span class='ocrx_word' id='word_1_111' title='bbox 940 1173 1177 1226; x_wconf 91' lang='lat' dir='ltr'><strong>animum</strong></span> <span class='ocrx_word' id='word_1_112' title='bbox 1214 1172 1494 1226; x_wconf 87' lang='lat' dir='ltr'><strong>labentem.</strong></span> 
     </span>
    </p>
   </div>
   <div class='ocr_carea' id='block_1_5' title="bbox 227 1318 1925 1498">
    <p class='ocr_par' dir='ltr' id='par_1_6' title="bbox 227 1318 1925 1498">
     <span class='ocr_line' id='line_1_18' title="bbox 378 1318 1925 1377; baseline -0.002 -11"><span class='ocrx_word' id='word_1_113' title='bbox 378 1321 404 1366; x_wconf 95' lang='lat'>1</span> <span class='ocrx_word' id='word_1_114' title='bbox 453 1320 718 1366; x_wconf 82' lang='lat' dir='ltr'><strong>dementiae</strong></span> <span class='ocrx_word' id='word_1_115' title='bbox 765 1319 884 1364; x_wconf 81' lang='lat' dir='ltr'><strong>fuit&#39;:</strong></span> <span class='ocrx_word' id='word_1_116' title='bbox 940 1333 1034 1364; x_wconf 92' lang='lat' dir='ltr'><strong>non</strong></span> <span class='ocrx_word' id='word_1_117' title='bbox 1079 1320 1368 1376; x_wconf 75' lang='lat' dir='ltr'><strong>interpunxit</strong></span> <span class='ocrx_word' id='word_1_118' title='bbox 1413 1319 1617 1377; x_wconf 76' lang='lat' dir='ltr'><strong>Psenm&#39;y</strong></span> <span class='ocrx_word' id='word_1_119' title='bbox 1662 1318 1925 1363; x_wconf 81' lang='lat' dir='ltr'><strong>dementiae</strong></span> 
     </span>
     <span class='ocr_line' id='line_1_19' title="bbox 228 1378 1924 1439; baseline -0.001 -15"><span class='ocrx_word' id='word_1_120' title='bbox 228 1381 348 1425; x_wconf 88' lang='lat' dir='ltr'><strong>fuit&#39;.</strong></span> <span class='ocrx_word' id='word_1_121' title='bbox 397 1395 490 1425; x_wconf 90' lang='lat' dir='ltr'><strong>non</strong></span> <span class='ocrx_word' id='word_1_122' title='bbox 520 1381 634 1439; x_wconf 76' lang='lat' dir='ltr'><strong>voly.</strong></span> <span class='ocrx_word' id='word_1_123' title='bbox 658 1379 675 1439; x_wconf 82' lang='grc' dir='ltr'>Η</span> <span class='ocrx_word' id='word_1_124' title='bbox 705 1379 735 1424; x_wconf 84' lang='lat'>4</span> <span class='ocrx_word' id='word_1_125' title='bbox 757 1379 1100 1436; x_wconf 74' lang='lat' dir='ltr'><strong>instinctusque</strong></span> <span class='ocrx_word' id='word_1_126' title='bbox 1123 1379 1170 1425; x_wconf 83' lang='lat' dir='ltr'><strong><em>A</em></strong></span> <span class='ocrx_word' id='word_1_127' title='bbox 1201 1393 1315 1425; x_wconf 82' lang='lat' dir='ltr'><strong>corr.</strong></span> <span class='ocrx_word' id='word_1_128' title='bbox 1339 1380 1453 1436; x_wconf 77' lang='lat' dir='ltr'><strong>voly.</strong></span> <span class='ocrx_word' id='word_1_129' title='bbox 1477 1379 1481 1438; x_wconf 91' lang='grc' dir='ltr'>Ι</span> <span class='ocrx_word' id='word_1_130' title='bbox 1523 1378 1552 1423; x_wconf 84' lang='grc'>5</span> <span class='ocrx_word' id='word_1_131' title='bbox 1575 1378 1924 1437; x_wconf 84' lang='lat' dir='ltr'><strong>grandiosorem</strong></span> 
     </span>
     <span class='ocr_line' id='line_1_20' title="bbox 227 1438 1925 1498; baseline 0 -14"><span class='ocrx_word' id='word_1_132' title='bbox 227 1439 418 1485; x_wconf 87' lang='lat' dir='ltr'><strong>mortali</strong></span> <span class='ocrx_word' id='word_1_133' title='bbox 442 1440 511 1485; x_wconf 80' lang='grc' dir='ltr'><strong>Αι</strong></span> <span class='ocrx_word' id='word_1_134' title='bbox 541 1454 655 1485; x_wconf 76' lang='lat' dir='ltr'><strong>corr.</strong></span> <span class='ocrx_word' id='word_1_135' title='bbox 685 1439 755 1484; x_wconf 82' lang='lat' dir='ltr'><strong>A⁶</strong></span> <span class='ocrx_word' id='word_1_136' title='bbox 791 1439 808 1498; x_wconf 84' lang='grc' dir='ltr'><strong>ΙΙ</strong></span> <span class='ocrx_word' id='word_1_137' title='bbox 848 1438 877 1483; x_wconf 85' lang='grc'><strong>9</strong></span> <span class='ocrx_word' id='word_1_138' title='bbox 910 1453 1001 1495; x_wconf 93' lang='lat' dir='ltr'><strong>quo</strong></span> <span class='ocrx_word' id='word_1_139' title='bbox 1031 1440 1145 1497; x_wconf 74' lang='lat' dir='ltr'><strong>volq.</strong></span> <span class='ocrx_word' id='word_1_140' title='bbox 1179 1440 1304 1496; x_wconf 90' lang='lat' dir='ltr'><strong>quod</strong></span> <span class='ocrx_word' id='word_1_141' title='bbox 1327 1441 1374 1484; x_wconf 86' lang='lat' dir='ltr'><strong><em>A</em></strong></span> <span class='ocrx_word' id='word_1_142' title='bbox 1413 1439 1429 1498; x_wconf 82' lang='grc' dir='ltr'><strong>ΙΙ</strong></span> <span class='ocrx_word' id='word_1_143' title='bbox 1505 1439 1752 1496; x_wconf 47' lang='lat' dir='ltr'><strong>zob-scriptio</strong></span> <span class='ocrx_word' id='word_1_144' title='bbox 1782 1440 1925 1484; x_wconf 76' lang='lat' dir='ltr'><strong>minio</strong></span> 
     </span>
    </p>
   </div>
   <div class='ocr_carea' id='block_1_6' title="bbox 222 1497 1924 1557">
    <p class='ocr_par' dir='ltr' id='par_1_7' title="bbox 222 1497 1924 1557">
     <span class='ocr_line' id='line_1_21' title="bbox 222 1497 1924 1557; baseline -0.001 -12"><span class='ocrx_word' id='word_1_145' title='bbox 222 1502 352 1557; x_wconf 75' lang='lat' dir='ltr'><strong>picta</strong></span> <span class='ocrx_word' id='word_1_146' title='bbox 394 1501 503 1545; x_wconf 79' lang='lat' dir='ltr'><strong>haec</strong></span> <span class='ocrx_word' id='word_1_147' title='bbox 544 1505 630 1545; x_wconf 78' lang='lat' dir='ltr'><strong>est:</strong></span> <span class='ocrx_word' id='word_1_148' title='bbox 692 1500 741 1543; x_wconf 89' lang='lat' dir='ltr'><strong>L.</strong></span> <span class='ocrx_word' id='word_1_149' title='bbox 774 1501 828 1543; x_wconf 88' lang='lat' dir='ltr'><strong>A.</strong></span> <span class='ocrx_word' id='word_1_150' title='bbox 862 1498 1008 1543; x_wconf 87' lang='lat' dir='ltr'><strong>Senec</strong></span> <span class='ocrx_word' id='word_1_151' title='bbox 1039 1534 1047 1542; x_wconf 97' lang='lat'><strong>.</strong></span> <span class='ocrx_word' id='word_1_152' title='bbox 1118 1498 1192 1542; x_wconf 91' lang='lat' dir='ltr'><strong>Ad</strong></span> <span class='ocrx_word' id='word_1_153' title='bbox 1240 1499 1461 1544; x_wconf 85' lang='lat' dir='ltr'><strong>Serenum</strong></span> <span class='ocrx_word' id='word_1_154' title='bbox 1507 1497 1924 1556; x_wconf 78' lang='lat' dir='ltr'><strong>Detranquillitate</strong></span> 
     </span>
    </p>
   </div>
   <div class='ocr_carea' id='block_1_7' title="bbox 231 1558 1763 1619">
    <p class='ocr_par' dir='ltr' id='par_1_8' title="bbox 231 1558 1763 1619">
     <span class='ocr_line' id='line_1_22' title="bbox 231 1558 1763 1619; baseline 0 -15"><span class='ocrx_word' id='word_1_155' title='bbox 231 1561 377 1604; x_wconf 83' lang='lat' dir='ltr'><strong>animi</strong></span> <span class='ocrx_word' id='word_1_156' title='bbox 411 1560 616 1617; x_wconf 85' lang='lat' dir='ltr'><strong>explicit.</strong></span> <span class='ocrx_word' id='word_1_157' title='bbox 648 1559 664 1619; x_wconf 85' lang='grc' dir='ltr'>Η</span> <span class='ocrx_word' id='word_1_158' title='bbox 695 1559 869 1616; x_wconf 88' lang='lat' dir='ltr'><strong>Incipit</strong></span> <span class='ocrx_word' id='word_1_159' title='bbox 899 1558 973 1602; x_wconf 95' lang='lat' dir='ltr'><strong>Ad</strong></span> <span class='ocrx_word' id='word_1_160' title='bbox 1043 1558 1254 1616; x_wconf 80' lang='lat' dir='ltr'><strong>auljnum</strong></span> <span class='ocrx_word' id='word_1_161' title='bbox 1286 1559 1354 1603; x_wconf 89' lang='lat' dir='ltr'><strong>De</strong></span> <span class='ocrx_word' id='word_1_162' title='bbox 1387 1558 1620 1604; x_wconf 80' lang='lat' dir='ltr'><strong>breuitate</strong></span> <span class='ocrx_word' id='word_1_163' title='bbox 1651 1560 1763 1619; x_wconf 65' lang='lat' dir='ltr'><strong>uite.</strong></span> 
     </span>
    </p>
   </div>
   <div class='ocr_carea' id='block_1_8' title="bbox 1959 893 2000 925">
    <p class='ocr_par' dir='ltr' id='par_1_9' title="bbox 1959 893 2000 925">
     <span class='ocr_line' id='line_1_23' title="bbox 1959 893 2000 925; baseline 0.024 -1"><span class='ocrx_word' id='word_1_164' title='bbox 1959 893 2000 925; x_wconf 91' lang='lat'><strong>10</strong></span> 
     </span>
    </p>
   </div>
  </div>
 </body>
</html>
