<?xml version="1.0" encoding="UTF-8"?>
<!DOCTYPE html PUBLIC "-//W3C//DTD XHTML 1.0 Transitional//EN"
    "http://www.w3.org/TR/xhtml1/DTD/xhtml1-transitional.dtd">
<html xmlns="http://www.w3.org/1999/xhtml" xml:lang="en" lang="en">
 <head>
  <title>
</title>
<meta http-equiv="Content-Type" content="text/html;charset=utf-8" />
  <meta name='ocr-system' content='tesseract 3.04.00' />
  <meta name='ocr-capabilities' content='ocr_page ocr_carea ocr_par ocr_line ocrx_word'/>
</head>
<body>
  <div class='ocr_page' id='page_1' title='image "./f1operaquaesuper01seneuoft_0229.png"; bbox 0 0 2028 3106; ppageno 0'>
   <div class='ocr_carea' id='block_1_1' title="bbox 123 878 167 911">
    <p class='ocr_par' dir='ltr' id='par_1_1' title="bbox 123 878 167 911">
     <span class='ocr_line' id='line_1_1' title="bbox 123 878 167 911; baseline 0 0"><span class='ocrx_word' id='word_1_1' title='bbox 123 878 167 911; x_wconf 85' lang='lat'><strong>10</strong></span> 
     </span>
    </p>
   </div>
   <div class='ocr_carea' id='block_1_2' title="bbox 123 1249 165 1283">
    <p class='ocr_par' dir='ltr' id='par_1_2' title="bbox 123 1249 165 1283">
     <span class='ocr_line' id='line_1_2' title="bbox 123 1249 165 1283; baseline 0.048 -2"><span class='ocrx_word' id='word_1_2' title='bbox 123 1249 165 1283; x_wconf 74' lang='lat'><strong>1⁶</strong></span> 
     </span>
    </p>
   </div>
   <div class='ocr_carea' id='block_1_3' title="bbox 122 2007 166 2041">
    <p class='ocr_par' dir='ltr' id='par_1_3' title="bbox 122 2007 166 2041">
     <span class='ocr_line' id='line_1_3' title="bbox 122 2007 166 2041; baseline 0.023 -1"><span class='ocrx_word' id='word_1_3' title='bbox 122 2007 166 2041; x_wconf 80' lang='lat'><strong>25</strong></span> 
     </span>
    </p>
   </div>
   <div class='ocr_carea' id='block_1_4' title="bbox 395 67 1901 123">
    <p class='ocr_par' dir='ltr' id='par_1_4' title="bbox 395 67 1901 123">
     <span class='ocr_line' id='line_1_4' title="bbox 395 67 1901 123; baseline -0.001 -9"><span class='ocrx_word' id='word_1_4' title='bbox 395 69 479 114; x_wconf 88' lang='lat' dir='ltr'><strong>AD</strong></span> <span class='ocrx_word' id='word_1_5' title='bbox 512 67 870 114; x_wconf 79' lang='lat' dir='ltr'>GALLIONEM</span> <span class='ocrx_word' id='word_1_6' title='bbox 900 68 982 112; x_wconf 91' lang='lat' dir='ltr'><strong>DE</strong></span> <span class='ocrx_word' id='word_1_7' title='bbox 1014 67 1162 113; x_wconf 86' lang='lat' dir='ltr'><strong>VITA</strong></span> <span class='ocrx_word' id='word_1_8' title='bbox 1191 67 1397 113; x_wconf 83' lang='lat' dir='ltr'><strong>BEATA</strong></span> <span class='ocrx_word' id='word_1_9' title='bbox 1429 68 1556 114; x_wconf 90' lang='lat' dir='ltr'><strong>CAP.</strong></span> <span class='ocrx_word' id='word_1_10' title='bbox 1584 72 1624 112; x_wconf 89' lang='lat'><strong>9.</strong></span> <span class='ocrx_word' id='word_1_11' title='bbox 1652 72 1708 112; x_wconf 92' lang='grc'><strong>10</strong></span> <span class='ocrx_word' id='word_1_12' title='bbox 1792 69 1901 123; x_wconf 81' lang='grc'><strong>205</strong></span> 
     </span>
    </p>
   </div>
   <div class='ocr_carea' id='block_1_5' title="bbox 195 188 2014 2062">
    <p class='ocr_par' dir='ltr' id='par_1_5' title="bbox 195 188 2020 1449">
     <span class='ocr_line' id='line_1_5' title="bbox 199 188 1902 259; baseline -0.002 -14"><span class='ocrx_word' id='word_1_13' title='bbox 199 209 399 246; x_wconf 90' lang='lat' dir='ltr'><strong>merces</strong></span> <span class='ocrx_word' id='word_1_14' title='bbox 448 209 548 245; x_wconf 86' lang='lat' dir='ltr'><strong>nec</strong></span> <span class='ocrx_word' id='word_1_15' title='bbox 597 208 758 245; x_wconf 85' lang='lat' dir='ltr'><strong>causa</strong></span> <span class='ocrx_word' id='word_1_16' title='bbox 805 189 1022 244; x_wconf 84' lang='lat' dir='ltr'><strong>virtutis</strong></span> <span class='ocrx_word' id='word_1_17' title='bbox 1071 189 1163 243; x_wconf 89' lang='lat' dir='ltr'><strong>sed</strong></span> <span class='ocrx_word' id='word_1_18' title='bbox 1209 190 1465 258; x_wconf 84' lang='lat' dir='ltr'><strong>accessi0‚</strong></span> <span class='ocrx_word' id='word_1_19' title='bbox 1514 208 1614 244; x_wconf 88' lang='lat' dir='ltr'><strong>nec</strong></span> <span class='ocrx_word' id='word_1_20' title='bbox 1652 189 1779 259; x_wconf 92' lang='lat' dir='ltr'><strong>quia</strong></span> <span class='ocrx_word' id='word_1_21' title='bbox 1817 188 1902 242; x_wconf 88' lang='lat' dir='ltr'><strong>de·</strong></span> 
     </span>
     <span class='ocr_line' id='line_1_6' title="bbox 196 263 1959 350; baseline 0.001 -31"><span class='ocrx_word' id='word_1_22' title='bbox 196 266 363 320; x_wconf 86' lang='lat' dir='ltr'><strong>lectat</strong></span> <span class='ocrx_word' id='word_1_23' title='bbox 413 265 613 350; x_wconf 85' lang='lat' dir='ltr'><strong>placet,</strong></span> <span class='ocrx_word' id='word_1_24' title='bbox 671 264 788 333; x_wconf 88' lang='lat' dir='ltr'><strong>sed,</strong></span> <span class='ocrx_word' id='word_1_25' title='bbox 844 265 891 319; x_wconf 92' lang='lat' dir='ltr'><strong>si</strong></span> <span class='ocrx_word' id='word_1_26' title='bbox 939 265 1137 334; x_wconf 87' lang='lat' dir='ltr'><strong>placet,</strong></span> <span class='ocrx_word' id='word_1_27' title='bbox 1192 266 1246 317; x_wconf 89' lang='lat' dir='ltr'><strong>et</strong></span> <span class='ocrx_word' id='word_1_28' title='bbox 1298 263 1540 318; x_wconf 84' lang='lat' dir='ltr'><strong>delectat.</strong></span> <span class='ocrx_word' id='word_1_29' title='bbox 1633 281 1901 318; x_wconf 86' lang='lat' dir='ltr'><strong>summum</strong></span> <span class='ocrx_word' id='word_1_30' title='bbox 1935 280 1959 320; x_wconf 89' lang='grc'>3</span> 
     </span>
     <span class='ocr_line' id='line_1_7' title="bbox 197 304 1902 410; baseline -0.002 -16"><span class='ocrx_word' id='word_1_31' title='bbox 197 330 400 394; x_wconf 84' lang='lat' dir='ltr'><strong>bonum</strong></span> <span class='ocrx_word' id='word_1_32' title='bbox 450 358 508 393; x_wconf 92' lang='grc' dir='ltr'><strong>ιιι</strong></span> <span class='ocrx_word' id='word_1_33' title='bbox 453 334 672 410; x_wconf 88' lang='lat' dir='ltr'><strong>ipso</strong></span> <span class='ocrx_word' id='word_1_34' title='bbox 719 304 918 393; x_wconf 60' lang='lat' dir='ltr'><strong>iu&#39;dicio</strong></span> <span class='ocrx_word' id='word_1_35' title='bbox 966 341 1047 392; x_wconf 87' lang='lat' dir='ltr'><strong>est</strong></span> <span class='ocrx_word' id='word_1_36' title='bbox 1092 341 1146 392; x_wconf 83' lang='lat' dir='ltr'><strong>et</strong></span> <span class='ocrx_word' id='word_1_37' title='bbox 1189 337 1379 391; x_wconf 88' lang='lat' dir='ltr'><strong>habitu</strong></span> <span class='ocrx_word' id='word_1_38' title='bbox 1418 339 1653 408; x_wconf 75' lang='lat' dir='ltr'><strong>optimae</strong></span> <span class='ocrx_word' id='word_1_39' title='bbox 1691 338 1902 407; x_wconf 84' lang='lat' dir='ltr'><strong>mentis,</strong></span> 
     </span>
     <span class='ocr_line' id='line_1_8' title="bbox 200 412 1901 484; baseline -0.001 -17"><span class='ocrx_word' id='word_1_40' title='bbox 200 431 335 484; x_wconf 88' lang='lat' dir='ltr'><strong>quae</strong></span> <span class='ocrx_word' id='word_1_41' title='bbox 388 432 511 468; x_wconf 91' lang='lat' dir='ltr'><strong>cum</strong></span> <span class='ocrx_word' id='word_1_42' title='bbox 563 430 773 468; x_wconf 80' lang='lat' dir='ltr'><strong>cursum</strong></span> <span class='ocrx_word' id='word_1_43' title='bbox 823 432 979 467; x_wconf 92' lang='lat' dir='ltr'><strong>suum</strong></span> <span class='ocrx_word' id='word_1_44' title='bbox 1033 412 1280 483; x_wconf 85' lang='lat' dir='ltr'><strong>implevit</strong></span> <span class='ocrx_word' id='word_1_45' title='bbox 1332 414 1386 465; x_wconf 89' lang='lat' dir='ltr'><strong>et</strong></span> <span class='ocrx_word' id='word_1_46' title='bbox 1434 413 1632 468; x_wconf 86' lang='lat' dir='ltr'><strong>finibus</strong></span> <span class='ocrx_word' id='word_1_47' title='bbox 1684 430 1740 466; x_wconf 88' lang='lat' dir='ltr'><strong>se</strong></span> <span class='ocrx_word' id='word_1_48' title='bbox 1791 412 1901 465; x_wconf 89' lang='lat' dir='ltr'><strong>suis</strong></span> 
     </span>
     <span class='ocr_line' id='line_1_9' title="bbox 198 485 1904 558; baseline -0.001 -16"><span class='ocrx_word' id='word_1_49' title='bbox 198 489 391 558; x_wconf 83' lang='lat' dir='ltr'><strong>cinxit,</strong></span> <span class='ocrx_word' id='word_1_50' title='bbox 440 490 870 544; x_wconf 84' lang='lat' dir='ltr'><strong>consummatum</strong></span> <span class='ocrx_word' id='word_1_51' title='bbox 921 491 1004 541; x_wconf 87' lang='lat' dir='ltr'><strong>est</strong></span> <span class='ocrx_word' id='word_1_52' title='bbox 1052 505 1322 542; x_wconf 90' lang='lat' dir='ltr'><strong>summum</strong></span> <span class='ocrx_word' id='word_1_53' title='bbox 1370 485 1574 541; x_wconf 86' lang='lat' dir='ltr'><strong>benum</strong></span> <span class='ocrx_word' id='word_1_54' title='bbox 1618 504 1719 541; x_wconf 92' lang='lat' dir='ltr'><strong>nec</strong></span> <span class='ocrx_word' id='word_1_55' title='bbox 1757 486 1904 556; x_wconf 90' lang='lat' dir='ltr'><strong>quic-</strong></span> 
     </span>
     <span class='ocr_line' id='line_1_10' title="bbox 198 561 1906 648; baseline -0.001 -31"><span class='ocrx_word' id='word_1_56' title='bbox 198 581 360 634; x_wconf 87' lang='lat' dir='ltr'><strong>quam</strong></span> <span class='ocrx_word' id='word_1_57' title='bbox 405 563 637 648; x_wconf 84' lang='lat' dir='ltr'><strong>amplius</strong></span> <span class='ocrx_word' id='word_1_58' title='bbox 685 561 971 630; x_wconf 83' lang='lat' dir='ltr'><strong>desiderat3</strong></span> <span class='ocrx_word' id='word_1_59' title='bbox 1014 563 1155 616; x_wconf 84' lang='lat' dir='ltr'><strong>nihil</strong></span> <span class='ocrx_word' id='word_1_60' title='bbox 1199 562 1341 616; x_wconf 93' lang='lat' dir='ltr'><strong>enim</strong></span> <span class='ocrx_word' id='word_1_61' title='bbox 1389 564 1539 615; x_wconf 85' lang='lat' dir='ltr'><strong>extra</strong></span> <span class='ocrx_word' id='word_1_62' title='bbox 1583 564 1760 616; x_wconf 91' lang='lat' dir='ltr'><strong>totum</strong></span> <span class='ocrx_word' id='word_1_63' title='bbox 1808 563 1906 630; x_wconf 82' lang='lat' dir='ltr'><strong>est,</strong></span> 
     </span>
     <span class='ocr_line' id='line_1_11' title="bbox 195 635 1967 708; baseline -0.002 -16"><span class='ocrx_word' id='word_1_64' title='bbox 195 656 308 692; x_wconf 89' lang='lat' dir='ltr'><strong>non</strong></span> <span class='ocrx_word' id='word_1_65' title='bbox 346 638 519 708; x_wconf 82' lang='lat' dir='ltr'><strong>magis</strong></span> <span class='ocrx_word' id='word_1_66' title='bbox 559 654 720 706; x_wconf 87' lang='lat' dir='ltr'><strong>quam</strong></span> <span class='ocrx_word' id='word_1_67' title='bbox 752 636 895 690; x_wconf 80' lang='lat' dir='ltr'><strong>ultra</strong></span> <span class='ocrx_word' id='word_1_68' title='bbox 932 636 1111 690; x_wconf 89' lang='lat' dir='ltr'><strong>finem.</strong></span> <span class='ocrx_word' id='word_1_69' title='bbox 1172 637 1355 707; x_wconf 87' lang='lat' dir='ltr'><strong>itaque</strong></span> <span class='ocrx_word' id='word_1_70' title='bbox 1385 654 1552 706; x_wconf 74' lang='lat' dir='ltr'><strong>errae,</strong></span> <span class='ocrx_word' id='word_1_71' title='bbox 1589 653 1712 690; x_wconf 91' lang='lat' dir='ltr'><strong>cum</strong></span> <span class='ocrx_word' id='word_1_72' title='bbox 1744 635 1904 690; x_wconf 88' lang='lat' dir='ltr'><strong>inter-</strong></span> <span class='ocrx_word' id='word_1_73' title='bbox 1936 654 1967 695; x_wconf 76' lang='lat'>4</span> 
     </span>
     <span class='ocr_line' id='line_1_12' title="bbox 196 710 1905 783; baseline -0.002 -17"><span class='ocrx_word' id='word_1_74' title='bbox 196 730 380 783; x_wconf 81' lang='lat' dir='ltr'><strong>rogas,</strong></span> <span class='ocrx_word' id='word_1_75' title='bbox 430 710 559 780; x_wconf 86' lang='lat' dir='ltr'><strong>quid</strong></span> <span class='ocrx_word' id='word_1_76' title='bbox 605 711 678 765; x_wconf 87' lang='lat' dir='ltr'><strong>sit</strong></span> <span class='ocrx_word' id='word_1_77' title='bbox 729 711 889 781; x_wconf 84' lang='lat' dir='ltr'><strong>illud,</strong></span> <span class='ocrx_word' id='word_1_78' title='bbox 943 714 1166 782; x_wconf 89' lang='lat' dir='ltr'><strong>propter</strong></span> <span class='ocrx_word' id='word_1_79' title='bbox 1210 711 1356 782; x_wconf 89' lang='lat' dir='ltr'><strong>quod</strong></span> <span class='ocrx_word' id='word_1_80' title='bbox 1401 712 1655 765; x_wconf 85' lang='lat' dir='ltr'><strong>virtutem</strong></span> <span class='ocrx_word' id='word_1_81' title='bbox 1701 712 1905 779; x_wconf 84' lang='lat' dir='ltr'><strong>petam:</strong></span> 
     </span>
     <span class='ocr_line' id='line_1_13' title="bbox 198 784 1905 857; baseline -0.001 -18"><span class='ocrx_word' id='word_1_82' title='bbox 198 786 409 856; x_wconf 83' lang='lat' dir='ltr'><strong>quaeris</strong></span> <span class='ocrx_word' id='word_1_83' title='bbox 448 786 591 839; x_wconf 87' lang='lat' dir='ltr'><strong>enim</strong></span> <span class='ocrx_word' id='word_1_84' title='bbox 630 786 836 856; x_wconf 80' lang='lat' dir='ltr'><strong>aliquid</strong></span> <span class='ocrx_word' id='word_1_85' title='bbox 874 805 1036 857; x_wconf 87' lang='lat' dir='ltr'><strong>supra</strong></span> <span class='ocrx_word' id='word_1_86' title='bbox 1067 805 1350 841; x_wconf 89' lang='lat' dir='ltr'><strong>summum.</strong></span> <span class='ocrx_word' id='word_1_87' title='bbox 1412 787 1736 857; x_wconf 52' lang='lat' dir='ltr'><strong>interrogea,</strong></span> <span class='ocrx_word' id='word_1_88' title='bbox 1775 784 1905 853; x_wconf 90' lang='lat' dir='ltr'><strong>quid</strong></span> 
     </span>
     <span class='ocr_line' id='line_1_14' title="bbox 196 859 2014 931; baseline -0.002 -17"><span class='ocrx_word' id='word_1_89' title='bbox 196 863 377 930; x_wconf 85' lang='lat' dir='ltr'><strong>petam</strong></span> <span class='ocrx_word' id='word_1_90' title='bbox 426 878 494 914; x_wconf 82' lang='lat' dir='ltr'><strong>ex</strong></span> <span class='ocrx_word' id='word_1_91' title='bbox 540 860 776 914; x_wconf 78' lang='lat' dir='ltr'><strong>virtute?</strong></span> <span class='ocrx_word' id='word_1_92' title='bbox 828 861 1015 931; x_wconf 80' lang='lat' dir='ltr'><strong>ipsam.</strong></span> <span class='ocrx_word' id='word_1_93' title='bbox 1098 860 1239 914; x_wconf 80' lang='lat' dir='ltr'><strong>nihil</strong></span> <span class='ocrx_word' id='word_1_94' title='bbox 1288 861 1431 914; x_wconf 91' lang='lat' dir='ltr'><strong>enim</strong></span> <span class='ocrx_word' id='word_1_95' title='bbox 1485 860 1649 914; x_wconf 82' lang='lat' dir='ltr'><strong>habet</strong></span> <span class='ocrx_word' id='word_1_96' title='bbox 1696 859 1904 928; x_wconf 88' lang='lat' dir='ltr'><strong>melius,</strong></span> <span class='ocrx_word' id='word_1_97' title='bbox 2008 859 2014 880; x_wconf 78' lang='lat'><strong><em>¹</em></strong></span> 
     </span>
     <span class='ocr_line' id='line_1_15' title="bbox 196 934 1905 1006; baseline 0 -19"><span class='ocrx_word' id='word_1_98' title='bbox 196 936 316 1005; x_wconf 89' lang='lat' dir='ltr'><strong>ipsa</strong></span> <span class='ocrx_word' id='word_1_99' title='bbox 364 935 597 1006; x_wconf 88' lang='lat' dir='ltr'><strong>pretium</strong></span> <span class='ocrx_word' id='word_1_100' title='bbox 637 935 734 988; x_wconf 86' lang='lat' dir='ltr'><strong>sui.</strong></span> <span class='ocrx_word' id='word_1_101' title='bbox 813 953 882 987; x_wconf 88' lang='lat' dir='ltr'><strong>an</strong></span> <span class='ocrx_word' id='word_1_102' title='bbox 918 935 1024 988; x_wconf 89' lang='lat' dir='ltr'><strong>hoc</strong></span> <span class='ocrx_word' id='word_1_103' title='bbox 1061 952 1253 1004; x_wconf 86' lang='lat' dir='ltr'><strong>parum</strong></span> <span class='ocrx_word' id='word_1_104' title='bbox 1291 952 1548 1005; x_wconf 86' lang='lat' dir='ltr'><strong>magnum</strong></span> <span class='ocrx_word' id='word_1_105' title='bbox 1588 934 1704 988; x_wconf 80' lang='lat' dir='ltr'><strong>est?</strong></span> <span class='ocrx_word' id='word_1_106' title='bbox 1781 951 1905 989; x_wconf 89' lang='lat' dir='ltr'><strong>cum</strong></span> 
     </span>
     <span class='ocr_line' id='line_1_16' title="bbox 196 1007 1906 1080; baseline -0.001 -18"><span class='ocrx_word' id='word_1_107' title='bbox 196 1009 297 1063; x_wconf 84' lang='lat' dir='ltr'><strong>tibi</strong></span> <span class='ocrx_word' id='word_1_108' title='bbox 335 1009 588 1064; x_wconf 83' lang='lat' dir='ltr'><strong>dicam.</strong></span> <span class='ocrx_word' id='word_1_109' title='bbox 599 1026 870 1062; x_wconf 89' lang='lat' dir='ltr'><strong>summum</strong></span> <span class='ocrx_word' id='word_1_110' title='bbox 907 1008 1111 1061; x_wconf 92' lang='lat' dir='ltr'><strong>bonum</strong></span> <span class='ocrx_word' id='word_1_111' title='bbox 1150 1011 1232 1061; x_wconf 87' lang='lat' dir='ltr'><strong>est</strong></span> <span class='ocrx_word' id='word_1_112' title='bbox 1261 1007 1528 1080; x_wconf 74' lang='lat' dir='ltr'><strong>infragilis</strong></span> <span class='ocrx_word' id='word_1_113' title='bbox 1560 1009 1727 1062; x_wconf 86' lang='lat' dir='ltr'><strong>animi</strong></span> <span class='ocrx_word' id='word_1_114' title='bbox 1756 1009 1906 1080; x_wconf 86' lang='lat' dir='ltr'><strong>rigor</strong></span> 
     </span>
     <span class='ocr_line' id='line_1_17' title="bbox 196 1082 1907 1154; baseline -0.001 -16"><span class='ocrx_word' id='word_1_115' title='bbox 196 1087 251 1137; x_wconf 87' lang='lat' dir='ltr'><strong>et</strong></span> <span class='ocrx_word' id='word_1_116' title='bbox 299 1083 638 1154; x_wconf 85' lang='lat' dir='ltr'><strong>providentia</strong></span> <span class='ocrx_word' id='word_1_117' title='bbox 690 1085 745 1136; x_wconf 90' lang='lat' dir='ltr'><strong>et</strong></span> <span class='ocrx_word' id='word_1_118' title='bbox 794 1082 1096 1136; x_wconf 83' lang='lat' dir='ltr'><strong>sublimitas</strong></span> <span class='ocrx_word' id='word_1_119' title='bbox 1150 1084 1205 1135; x_wconf 93' lang='lat' dir='ltr'><strong>et</strong></span> <span class='ocrx_word' id='word_1_120' title='bbox 1250 1083 1449 1137; x_wconf 88' lang='lat' dir='ltr'><strong>sanitas</strong></span> <span class='ocrx_word' id='word_1_121' title='bbox 1496 1086 1550 1136; x_wconf 90' lang='lat' dir='ltr'><strong>et</strong></span> <span class='ocrx_word' id='word_1_122' title='bbox 1593 1083 1813 1138; x_wconf 85' lang='lat' dir='ltr'><strong>libertas</strong></span> <span class='ocrx_word' id='word_1_123' title='bbox 1853 1085 1907 1136; x_wconf 89' lang='lat' dir='ltr'><strong>et</strong></span> 
     </span>
     <span class='ocr_line' id='line_1_18' title="bbox 197 1156 1908 1230; baseline -0.001 -18"><span class='ocrx_word' id='word_1_124' title='bbox 197 1158 485 1212; x_wconf 87' lang='lat' dir='ltr'><strong>concordia</strong></span> <span class='ocrx_word' id='word_1_125' title='bbox 533 1160 587 1210; x_wconf 92' lang='lat' dir='ltr'><strong>et</strong></span> <span class='ocrx_word' id='word_1_126' title='bbox 636 1156 831 1225; x_wconf 87' lang='lat' dir='ltr'><strong>decor’,</strong></span> <span class='ocrx_word' id='word_1_127' title='bbox 885 1157 1090 1226; x_wconf 83' lang='lat' dir='ltr'><strong>aliquid</strong></span> <span class='ocrx_word' id='word_1_128' title='bbox 1143 1157 1451 1212; x_wconf 74' lang='lat' dir='ltr'><strong>etiamnunc</strong></span> <span class='ocrx_word' id='word_1_129' title='bbox 1498 1158 1669 1230; x_wconf 80' lang='lat' dir='ltr'><strong>exigis</strong></span> <span class='ocrx_word' id='word_1_130' title='bbox 1715 1158 1908 1227; x_wconf 71' lang='lat' dir='ltr'><strong>mame,</strong></span> 
     </span>
     <span class='ocr_line' id='line_1_19' title="bbox 196 1231 1906 1302; baseline 0 -16"><span class='ocrx_word' id='word_1_131' title='bbox 196 1232 264 1286; x_wconf 86' lang='lat' dir='ltr'><strong>ad</strong></span> <span class='ocrx_word' id='word_1_132' title='bbox 318 1231 464 1301; x_wconf 88' lang='lat' dir='ltr'><strong>quod</strong></span> <span class='ocrx_word' id='word_1_133' title='bbox 517 1232 622 1284; x_wconf 85' lang='lat' dir='ltr'><strong>ista</strong></span> <span class='ocrx_word' id='word_1_134' title='bbox 665 1231 1000 1285; x_wconf 82' lang='lat' dir='ltr'><strong>referantur?</strong></span> <span class='ocrx_word' id='word_1_135' title='bbox 1076 1231 1206 1301; x_wconf 90' lang='lat' dir='ltr'><strong>quid</strong></span> <span class='ocrx_word' id='word_1_136' title='bbox 1251 1233 1388 1286; x_wconf 89' lang='lat' dir='ltr'><strong>mihi</strong></span> <span class='ocrx_word' id='word_1_137' title='bbox 1432 1233 1766 1302; x_wconf 81' lang='lat' dir='ltr'><strong>voluptatem</strong></span> <span class='ocrx_word' id='word_1_138' title='bbox 1811 1251 1906 1286; x_wconf 85' lang='lat' dir='ltr'><strong>no-</strong></span> 
     </span>
     <span class='ocr_line' id='line_1_20' title="bbox 196 1305 1906 1378; baseline 0.001 -20"><span class='ocrx_word' id='word_1_139' title='bbox 196 1305 412 1359; x_wconf 78' lang='lat' dir='ltr'><strong>minas?</strong></span> <span class='ocrx_word' id='word_1_140' title='bbox 506 1305 743 1360; x_wconf 90' lang='lat' dir='ltr'><strong>hominis</strong></span> <span class='ocrx_word' id='word_1_141' title='bbox 800 1306 1004 1360; x_wconf 90' lang='lat' dir='ltr'><strong>bonum</strong></span> <span class='ocrx_word' id='word_1_142' title='bbox 1062 1325 1286 1377; x_wconf 79' lang='lat' dir='ltr'>quaero,</span> <span class='ocrx_word' id='word_1_143' title='bbox 1352 1325 1464 1361; x_wconf 90' lang='lat' dir='ltr'><strong>non</strong></span> <span class='ocrx_word' id='word_1_144' title='bbox 1524 1308 1748 1378; x_wconf 78' lang='lat' dir='ltr'><strong>ventris,</strong></span> <span class='ocrx_word' id='word_1_145' title='bbox 1812 1307 1906 1377; x_wconf 91' lang='lat' dir='ltr'><strong>qui</strong></span> 
     </span>
     <span class='ocr_line' id='line_1_21' title="bbox 196 1379 1147 1449; baseline 0.002 -17"><span class='ocrx_word' id='word_1_146' title='bbox 196 1379 490 1449; x_wconf 81' lang='lat' dir='ltr'><strong>pecudibus</strong></span> <span class='ocrx_word' id='word_1_147' title='bbox 529 1398 592 1435; x_wconf 83' lang='lat' dir='ltr'><strong>ac</strong></span> <span class='ocrx_word' id='word_1_148' title='bbox 628 1381 801 1434; x_wconf 90' lang='lat' dir='ltr'><strong>beluis</strong></span> <span class='ocrx_word' id='word_1_149' title='bbox 838 1381 1014 1434; x_wconf 84' lang='lat' dir='ltr'><strong>laxior</strong></span> <span class='ocrx_word' id='word_1_150' title='bbox 1053 1384 1147 1434; x_wconf 87' lang='lat' dir='ltr'><strong>est.</strong></span> 
     </span>
    </p>

    <p class='ocr_par' dir='ltr' id='par_1_6' title="bbox 195 1464 1965 2062">
     <span class='ocr_line' id='line_1_22' title="bbox 345 1464 1965 1541; baseline 0.002 -19"><span class='ocrx_word' id='word_1_151' title='bbox 345 1468 411 1522; x_wconf 88' lang='lat' dir='ltr'><strong>X.</strong></span> <span class='ocrx_word' id='word_1_152' title='bbox 474 1468 848 1524; x_wconf 79' lang='lat' dir='ltr'><strong>‘Dissimulas’</strong></span> <span class='ocrx_word' id='word_1_153' title='bbox 901 1470 1080 1538; x_wconf 86' lang='lat' dir='ltr'><strong>inquit</strong></span> <span class='ocrx_word' id='word_1_154' title='bbox 1125 1469 1282 1539; x_wconf 74' lang='lat' dir='ltr'><strong>‘quid</strong></span> <span class='ocrx_word' id='word_1_155' title='bbox 1328 1487 1360 1522; x_wconf 91' lang='lat' dir='ltr'><strong>a</strong></span> <span class='ocrx_word' id='word_1_156' title='bbox 1397 1487 1484 1522; x_wconf 89' lang='lat' dir='ltr'><strong>me</strong></span> <span class='ocrx_word' id='word_1_157' title='bbox 1524 1470 1755 1540; x_wconf 78' lang='lat' dir='ltr'><strong>dicatu13</strong></span> <span class='ocrx_word' id='word_1_158' title='bbox 1804 1488 1904 1541; x_wconf 88' lang='lat' dir='ltr'><strong>ego</strong></span> <span class='ocrx_word' id='word_1_159' title='bbox 1938 1464 1965 1527; x_wconf 80' lang='grc' dir='ltr'><strong>ι</strong></span> 
     </span>
     <span class='ocr_line' id='line_1_23' title="bbox 197 1542 1906 1616; baseline 0 -18"><span class='ocrx_word' id='word_1_160' title='bbox 197 1544 340 1598; x_wconf 87' lang='lat' dir='ltr'><strong>enim</strong></span> <span class='ocrx_word' id='word_1_161' title='bbox 377 1563 518 1616; x_wconf 87' lang='lat' dir='ltr'><strong>nego</strong></span> <span class='ocrx_word' id='word_1_162' title='bbox 558 1562 883 1615; x_wconf 88' lang='lat' dir='ltr'><strong>quemquam</strong></span> <span class='ocrx_word' id='word_1_163' title='bbox 914 1560 1073 1613; x_wconf 87' lang='lat' dir='ltr'><strong>posse</strong></span> <span class='ocrx_word' id='word_1_164' title='bbox 1104 1542 1335 1597; x_wconf 87' lang='lat' dir='ltr'><strong>iucunde</strong></span> <span class='ocrx_word' id='word_1_165' title='bbox 1365 1543 1568 1614; x_wconf 80' lang='lat' dir='ltr'><strong>vivere,</strong></span> <span class='ocrx_word' id='word_1_166' title='bbox 1604 1544 1712 1598; x_wconf 87' lang='lat' dir='ltr'><strong>nisi</strong></span> <span class='ocrx_word' id='word_1_167' title='bbox 1743 1544 1906 1598; x_wconf 85' lang='lat' dir='ltr'><strong>simul</strong></span> 
     </span>
     <span class='ocr_line' id='line_1_24' title="bbox 196 1618 1904 1691; baseline 0.001 -19"><span class='ocrx_word' id='word_1_168' title='bbox 196 1622 251 1672; x_wconf 85' lang='lat' dir='ltr'><strong>et</strong></span> <span class='ocrx_word' id='word_1_169' title='bbox 301 1619 525 1673; x_wconf 88' lang='lat' dir='ltr'><strong>honeste</strong></span> <span class='ocrx_word' id='word_1_170' title='bbox 577 1619 735 1687; x_wconf 80' lang='lat' dir='ltr'><strong>vivit,</strong></span> <span class='ocrx_word' id='word_1_171' title='bbox 791 1618 936 1687; x_wconf 89' lang='lat' dir='ltr'><strong>quod</strong></span> <span class='ocrx_word' id='word_1_172' title='bbox 983 1635 1095 1671; x_wconf 90' lang='lat' dir='ltr'><strong>non</strong></span> <span class='ocrx_word' id='word_1_173' title='bbox 1144 1620 1326 1688; x_wconf 88' lang='lat' dir='ltr'><strong>potest</strong></span> <span class='ocrx_word' id='word_1_174' title='bbox 1374 1619 1538 1672; x_wconf 90' lang='lat' dir='ltr'><strong>mutis</strong></span> <span class='ocrx_word' id='word_1_175' title='bbox 1593 1619 1904 1691; x_wconf 88' lang='lat' dir='ltr'><strong>contingere</strong></span> 
     </span>
     <span class='ocr_line' id='line_1_25' title="bbox 195 1693 1903 1763; baseline 0.001 -16"><span class='ocrx_word' id='word_1_176' title='bbox 195 1693 519 1748; x_wconf 81' lang='lat' dir='ltr'><strong>animalibus</strong></span> <span class='ocrx_word' id='word_1_177' title='bbox 564 1711 664 1747; x_wconf 91' lang='lat' dir='ltr'><strong>nec</strong></span> <span class='ocrx_word' id='word_1_178' title='bbox 711 1693 916 1746; x_wconf 92' lang='lat' dir='ltr'><strong>bonum</strong></span> <span class='ocrx_word' id='word_1_179' title='bbox 955 1711 1113 1747; x_wconf 89' lang='lat' dir='ltr'><strong>suum</strong></span> <span class='ocrx_word' id='word_1_180' title='bbox 1152 1693 1272 1747; x_wconf 92' lang='lat' dir='ltr'><strong>cibo</strong></span> <span class='ocrx_word' id='word_1_181' title='bbox 1312 1693 1672 1748; x_wconf 76' lang='lat' dir='ltr'><strong>metientibus.</strong></span> <span class='ocrx_word' id='word_1_182' title='bbox 1749 1695 1903 1763; x_wconf 86' lang='lat' dir='ltr'><strong>clare,</strong></span> 
     </span>
     <span class='ocr_line' id='line_1_26' title="bbox 196 1767 1904 1841; baseline 0.001 -19"><span class='ocrx_word' id='word_1_183' title='bbox 196 1769 440 1838; x_wconf 88' lang='lat' dir='ltr'><strong>inquam,</strong></span> <span class='ocrx_word' id='word_1_184' title='bbox 490 1785 554 1822; x_wconf 86' lang='lat' dir='ltr'><strong>ac</strong></span> <span class='ocrx_word' id='word_1_185' title='bbox 602 1768 782 1839; x_wconf 84' lang='lat' dir='ltr'><strong>palam</strong></span> <span class='ocrx_word' id='word_1_186' title='bbox 827 1771 998 1821; x_wconf 87' lang='lat' dir='ltr'><strong>testor</strong></span> <span class='ocrx_word' id='word_1_187' title='bbox 1042 1768 1183 1822; x_wconf 91' lang='lat' dir='ltr'><strong>hanc</strong></span> <span class='ocrx_word' id='word_1_188' title='bbox 1227 1767 1417 1837; x_wconf 73' lang='lat' dir='ltr'><strong>vitm,</strong></span> <span class='ocrx_word' id='word_1_189' title='bbox 1469 1786 1631 1837; x_wconf 85' lang='lat' dir='ltr'><strong>quam</strong></span> <span class='ocrx_word' id='word_1_190' title='bbox 1679 1786 1779 1841; x_wconf 90' lang='lat' dir='ltr'><strong>ego</strong></span> <span class='ocrx_word' id='word_1_191' title='bbox 1826 1770 1904 1823; x_wconf 91' lang='lat' dir='ltr'><strong>iu-</strong></span> 
     </span>
     <span class='ocr_line' id='line_1_27' title="bbox 196 1842 1903 1916; baseline 0 -20"><span class='ocrx_word' id='word_1_192' title='bbox 196 1842 427 1897; x_wconf 86' lang='lat' dir='ltr'><strong>cundam</strong></span> <span class='ocrx_word' id='word_1_193' title='bbox 486 1860 623 1897; x_wconf 83' lang='lat' dir='ltr'><strong>voco</strong></span> <span class='ocrx_word' id='word_1_194' title='bbox 631 1885 646 1913; x_wconf 88' lang='lat'><strong><em>,</em></strong></span> <span class='ocrx_word' id='word_1_195' title='bbox 705 1861 817 1897; x_wconf 89' lang='lat' dir='ltr'><strong>non</strong></span> <span class='ocrx_word' id='word_1_196' title='bbox 876 1843 984 1896; x_wconf 88' lang='lat' dir='ltr'><strong>nisi</strong></span> <span class='ocrx_word' id='word_1_197' title='bbox 1044 1843 1250 1897; x_wconf 87' lang='lat' dir='ltr'><strong>adiecta</strong></span> <span class='ocrx_word' id='word_1_198' title='bbox 1301 1842 1499 1896; x_wconf 82' lang='lat' dir='ltr'><strong>virtute</strong></span> <span class='ocrx_word' id='word_1_199' title='bbox 1558 1844 1903 1916; x_wconf 85' lang='lat' dir='ltr'><strong>contingere.&#39;</strong></span> 
     </span>
     <span class='ocr_line' id='line_1_28' title="bbox 197 1916 1961 1988; baseline 0.003 -18"><span class='ocrx_word' id='word_1_200' title='bbox 197 1917 348 1986; x_wconf 81' lang='lat' dir='ltr'><strong>atqui</strong></span> <span class='ocrx_word' id='word_1_201' title='bbox 387 1917 507 1987; x_wconf 87' lang='lat' dir='ltr'><strong>quis</strong></span> <span class='ocrx_word' id='word_1_202' title='bbox 547 1918 762 1988; x_wconf 76' lang='lat' dir='ltr'><strong>ignorat</strong></span> <span class='ocrx_word' id='word_1_203' title='bbox 791 1917 1134 1987; x_wconf 83' lang='lat' dir='ltr'><strong>plenissimos</strong></span> <span class='ocrx_word' id='word_1_204' title='bbox 1166 1934 1280 1971; x_wconf 89' lang='lat' dir='ltr'><strong>esse</strong></span> <span class='ocrx_word' id='word_1_205' title='bbox 1310 1916 1679 1987; x_wconf 83' lang='lat' dir='ltr'><strong>voluptatibus</strong></span> <span class='ocrx_word' id='word_1_206' title='bbox 1710 1920 1902 1973; x_wconf 82' lang='lat' dir='ltr'><strong>vestris</strong></span> <span class='ocrx_word' id='word_1_207' title='bbox 1934 1935 1961 1975; x_wconf 82' lang='lat'>2</span> 
     </span>
     <span class='ocr_line' id='line_1_29' title="bbox 198 1991 1902 2062; baseline 0.002 -19"><span class='ocrx_word' id='word_1_208' title='bbox 198 1991 547 2044; x_wconf 82' lang='lat' dir='ltr'><strong>stultissimos</strong></span> <span class='ocrx_word' id='word_1_209' title='bbox 598 2009 840 2062; x_wconf 88' lang='lat' dir='ltr'><strong>quosque</strong></span> <span class='ocrx_word' id='word_1_210' title='bbox 894 1995 948 2046; x_wconf 90' lang='lat' dir='ltr'><strong>et</strong></span> <span class='ocrx_word' id='word_1_211' title='bbox 995 1991 1293 2061; x_wconf 76' lang='lat' dir='ltr'><strong>nequitiam</strong></span> <span class='ocrx_word' id='word_1_212' title='bbox 1339 1992 1609 2047; x_wconf 86' lang='lat' dir='ltr'><strong>abundare</strong></span> <span class='ocrx_word' id='word_1_213' title='bbox 1655 1994 1902 2048; x_wconf 81' lang='lat' dir='ltr'><strong>ineundis</strong></span> 
     </span>
    </p>
   </div>
   <div class='ocr_carea' id='block_1_6' title="bbox 348 2135 1067 2195">
    <p class='ocr_par' dir='ltr' id='par_1_7' title="bbox 348 2135 1067 2195">
     <span class='ocr_line' id='line_1_30' title="bbox 348 2135 1067 2195; baseline 0.001 -14"><span class='ocrx_word' id='word_1_214' title='bbox 348 2135 407 2181; x_wconf 78' lang='lat'><strong>15</strong></span> <span class='ocrx_word' id='word_1_215' title='bbox 437 2138 520 2193; x_wconf 75' lang='lat' dir='ltr'><strong>cfr.</strong></span> <span class='ocrx_word' id='word_1_216' title='bbox 554 2136 758 2195; x_wconf 62' lang='lat' dir='ltr'><strong>Epicmi</strong></span> <span class='ocrx_word' id='word_1_217' title='bbox 785 2138 846 2195; x_wconf 66' lang='lat' dir='ltr'><strong>fr.</strong></span> <span class='ocrx_word' id='word_1_218' title='bbox 874 2141 963 2184; x_wconf 83' lang='lat'><strong>506</strong></span> <span class='ocrx_word' id='word_1_219' title='bbox 995 2137 1067 2183; x_wconf 80' lang='lat' dir='ltr'><strong>Us.</strong></span> 
     </span>
    </p>
   </div>
   <div class='ocr_carea' id='block_1_7' title="bbox 195 2225 1907 2944">
    <p class='ocr_par' dir='ltr' id='par_1_8' title="bbox 346 2225 1904 2286">
     <span class='ocr_line' id='line_1_31' title="bbox 346 2225 1904 2286; baseline 0.001 -14"><span class='ocrx_word' id='word_1_220' title='bbox 346 2225 378 2272; x_wconf 77' lang='lat'>4</span> <span class='ocrx_word' id='word_1_221' title='bbox 408 2240 616 2282; x_wconf 74' lang='lat' dir='ltr'><strong>cursum,</strong></span> <span class='ocrx_word' id='word_1_222' title='bbox 658 2227 781 2284; x_wconf 70' lang='lat' dir='ltr'><strong>quod</strong></span> <span class='ocrx_word' id='word_1_223' title='bbox 821 2226 1010 2282; x_wconf 76' lang='lat' dir='ltr'><strong>addidi,</strong></span> <span class='ocrx_word' id='word_1_224' title='bbox 1053 2226 1280 2274; x_wconf 75' lang='lat' dir='ltr'><strong>Schultess</strong></span> <span class='ocrx_word' id='word_1_225' title='bbox 1319 2228 1522 2283; x_wconf 51' lang='grc' dir='ltr'><strong>ἐπεφύη</strong></span> <span class='ocrx_word' id='word_1_226' title='bbox 1563 2228 1717 2273; x_wconf 72' lang='lat' dir='ltr'><strong>minus</strong></span> <span class='ocrx_word' id='word_1_227' title='bbox 1750 2228 1904 2286; x_wconf 79' lang='lat' dir='ltr'><strong>placet</strong></span> 
     </span>
    </p>

    <p class='ocr_par' dir='ltr' id='par_1_9' title="bbox 195 2286 1907 2944">
     <span class='ocr_line' id='line_1_32' title="bbox 197 2286 1904 2346; baseline 0.001 -14.106"><span class='ocrx_word' id='word_1_228' title='bbox 197 2286 596 2344; x_wconf 75' lang='lat' dir='ltr'><strong>quodverborum</strong></span> <span class='ocrx_word' id='word_1_229' title='bbox 634 2291 916 2333; x_wconf 69' lang='lat' dir='ltr'><strong>structuram</strong></span> <span class='ocrx_word' id='word_1_230' title='bbox 955 2287 1026 2332; x_wconf 82' lang='lat' dir='ltr'><strong>ita</strong></span> <span class='ocrx_word' id='word_1_231' title='bbox 1063 2292 1234 2332; x_wconf 81' lang='lat' dir='ltr'><strong>mutat.-</strong></span> <span class='ocrx_word' id='word_1_232' title='bbox 1276 2300 1398 2346; x_wconf 86' lang='lat' dir='ltr'><strong>quae</strong></span> <span class='ocrx_word' id='word_1_233' title='bbox 1430 2301 1616 2333; x_wconf 85' lang='lat' dir='ltr'><strong>cursum</strong></span> <span class='ocrx_word' id='word_1_234' title='bbox 1649 2301 1785 2332; x_wconf 79' lang='lat' dir='ltr'><strong>suum</strong></span> <span class='ocrx_word' id='word_1_235' title='bbox 1815 2288 1904 2333; x_wconf 89' lang='lat' dir='ltr'><strong>im-</strong></span> 
     </span>
     <span class='ocr_line' id='line_1_33' title="bbox 230 2344 1902 2404; baseline 0.001 -13"><span class='ocrx_word' id='word_1_236' title='bbox 230 2345 346 2391; x_wconf 83' lang='lat' dir='ltr'><strong>levit</strong></span> <span class='ocrx_word' id='word_1_237' title='bbox 375 2347 426 2391; x_wconf 80' lang='lat' dir='ltr'><strong>et</strong></span> <span class='ocrx_word' id='word_1_238' title='bbox 454 2344 485 2390; x_wconf 75' lang='lat' dir='ltr'><strong>f</strong></span> <span class='ocrx_word' id='word_1_239' title='bbox 512 2359 546 2390; x_wconf 79' lang='lat' dir='ltr'><strong>s</strong></span> <span class='ocrx_word' id='word_1_240' title='bbox 572 2359 608 2390; x_wconf 82' lang='lat' dir='ltr'><strong>s.</strong></span> <span class='ocrx_word' id='word_1_241' title='bbox 633 2346 794 2392; x_wconf 83' lang='lat' dir='ltr'><strong>cinxit.</strong></span> <span class='ocrx_word' id='word_1_242' title='bbox 842 2359 966 2391; x_wconf 79' lang='lat' dir='ltr'><strong>cons.</strong></span> <span class='ocrx_word' id='word_1_243' title='bbox 990 2359 1105 2404; x_wconf 56' lang='grc' dir='ltr'><strong>ερας</strong></span> <span class='ocrx_word' id='word_1_244' title='bbox 1135 2347 1224 2392; x_wconf 76' lang='lat' dir='ltr'><strong>alii</strong></span> <span class='ocrx_word' id='word_1_245' title='bbox 1245 2347 1380 2393; x_wconf 79' lang='lat' dir='ltr'><strong>aliud</strong></span> <span class='ocrx_word' id='word_1_246' title='bbox 1401 2348 1717 2393; x_wconf 70' lang='lat' dir='ltr'><strong>immertmt:</strong></span> <span class='ocrx_word' id='word_1_247' title='bbox 1747 2348 1902 2393; x_wconf 80' lang='lat' dir='ltr'><strong>sinum</strong></span> 
     </span>
     <span class='ocr_line' id='line_1_34' title="bbox 195 2361 1902 2475; baseline 0.002 -25"><span class='ocrx_word' id='word_1_248' title='bbox 195 2361 414 2450; x_wconf 53' lang='lat' dir='ltr'><strong>{abitum</strong></span> <span class='ocrx_word' id='word_1_249' title='bbox 431 2403 662 2451; x_wconf 80' lang='lat' dir='ltr'><strong>ambitum</strong></span> <span class='ocrx_word' id='word_1_250' title='bbox 676 2420 847 2451; x_wconf 83' lang='lat' dir='ltr'><strong>munus</strong></span> <span class='ocrx_word' id='word_1_251' title='bbox 863 2405 1019 2450; x_wconf 87' lang='lat' dir='ltr'><strong>locum</strong></span> <span class='ocrx_word' id='word_1_252' title='bbox 1047 2406 1066 2466; x_wconf 82' lang='grc' dir='ltr'><strong>ΙΙ</strong></span> <span class='ocrx_word' id='word_1_253' title='bbox 1095 2405 1155 2452; x_wconf 85' lang='lat'><strong>10</strong></span> <span class='ocrx_word' id='word_1_254' title='bbox 1184 2406 1353 2452; x_wconf 85' lang='lat' dir='ltr'><strong>melius</strong></span> <span class='ocrx_word' id='word_1_255' title='bbox 1383 2418 1491 2475; x_wconf 72' lang='lat' dir='ltr'><strong>¹.P⁸.⁸&#39;</strong></span> <span class='ocrx_word' id='word_1_256' title='bbox 1514 2415 1543 2450; x_wconf 82' lang='lat' dir='ltr'><strong>s·</strong></span> <span class='ocrx_word' id='word_1_257' title='bbox 1576 2406 1744 2453; x_wconf 90' lang='lat' dir='ltr'><strong>melius</strong></span> <span class='ocrx_word' id='word_1_258' title='bbox 1776 2408 1902 2453; x_wconf 89' lang='lat' dir='ltr'><strong>enim</strong></span> 
     </span>
     <span class='ocr_line' id='line_1_35' title="bbox 196 2463 1907 2596; baseline 0.001 -26"><span class='ocrx_word' id='word_1_259' title='bbox 196 2465 386 2580; x_wconf 46' lang='lat'><strong>33:313&amp;</strong></span> <span class='ocrx_word' id='word_1_260' title='bbox 418 2463 882 2582; x_wconf 48' lang='lat' dir='ltr'><strong>3335&amp;ssae</strong></span> <span class='ocrx_word' id='word_1_261' title='bbox 904 2464 1073 2570; x_wconf 62' lang='grc' dir='ltr'><strong>Εὲἰῖἔ.</strong></span> <span class='ocrx_word' id='word_1_262' title='bbox 1082 2466 1298 2583; x_wconf 58' lang='grc' dir='ltr'><strong>Ἔὲἐῗξὲ</strong></span> <span class='ocrx_word' id='word_1_263' title='bbox 1322 2478 1428 2582; x_wconf 52' lang='lat'><strong>513¹.</strong></span> <span class='ocrx_word' id='word_1_264' title='bbox 1446 2465 1653 2596; x_wconf 58' lang='grc' dir='ltr'><strong>ῗὲιωῖξῖῆι</strong></span> <span class='ocrx_word' id='word_1_265' title='bbox 1675 2466 1907 2585; x_wconf 51' lang='grc' dir='ltr'><strong>ῗῖᾞθᾶἕ</strong></span> 
     </span>
     <span class='ocr_line' id='line_1_36' title="bbox 195 2585 1900 2645; baseline 0.001 -15"><span class='ocrx_word' id='word_1_266' title='bbox 195 2585 564 2643; x_wconf 68' lang='lat' dir='ltr'><strong>interpunctione</strong></span> <span class='ocrx_word' id='word_1_267' title='bbox 593 2585 849 2644; x_wconf 69' lang='lat' dir='ltr'><strong>disputavit</strong></span> <span class='ocrx_word' id='word_1_268' title='bbox 883 2585 1183 2632; x_wconf 70' lang='lat' dir='ltr'><strong>Waldaestel:</strong></span> <span class='ocrx_word' id='word_1_269' title='bbox 1213 2585 1269 2631; x_wconf 79' lang='lat' dir='ltr'><strong>de</strong></span> <span class='ocrx_word' id='word_1_270' title='bbox 1299 2586 1643 2632; x_wconf 74' lang='lat' dir='ltr'><strong>enwntiatorum</strong></span> <span class='ocrx_word' id='word_1_271' title='bbox 1665 2586 1900 2645; x_wconf 72' lang='lat' dir='ltr'><strong>temporat.</strong></span> 
     </span>
     <span class='ocr_line' id='line_1_37' title="bbox 195 2643 1902 2706; baseline 0 -15"><span class='ocrx_word' id='word_1_272' title='bbox 195 2650 431 2691; x_wconf 61' lang='grc' dir='ltr'><strong>ειν-κείνα</strong></span> <span class='ocrx_word' id='word_1_273' title='bbox 459 2644 588 2691; x_wconf 66' lang='lat' dir='ltr'><strong>Dice.</strong></span> <span class='ocrx_word' id='word_1_274' title='bbox 621 2645 735 2691; x_wconf 82' lang='lat' dir='ltr'><strong>Hal.</strong></span> <span class='ocrx_word' id='word_1_275' title='bbox 770 2647 888 2691; x_wconf 88' lang='grc'><em>1888</em></span> <span class='ocrx_word' id='word_1_276' title='bbox 914 2659 963 2702; x_wconf 80' lang='lat' dir='ltr'><strong>p.</strong></span> <span class='ocrx_word' id='word_1_277' title='bbox 990 2650 1044 2691; x_wconf 90' lang='lat'><strong>11</strong></span> <span class='ocrx_word' id='word_1_278' title='bbox 1083 2645 1101 2706; x_wconf 88' lang='grc' dir='ltr'><strong>ΙΙ</strong></span> <span class='ocrx_word' id='word_1_279' title='bbox 1130 2644 1201 2691; x_wconf 71' lang='lat'><strong>18</strong></span> <span class='ocrx_word' id='word_1_280' title='bbox 1239 2645 1288 2690; x_wconf 90' lang='lat' dir='ltr'><strong>et</strong></span> <span class='ocrx_word' id='word_1_281' title='bbox 1330 2643 1597 2691; x_wconf 78' lang='lat' dir='ltr'><strong>sublimitas</strong></span> <span class='ocrx_word' id='word_1_282' title='bbox 1628 2647 1822 2705; x_wconf 55' lang='lat' dir='ltr'><strong>Lipsius</strong></span> <span class='ocrx_word' id='word_1_283' title='bbox 1852 2647 1902 2691; x_wconf 84' lang='lat' dir='ltr'><strong>et</strong></span> 
     </span>
     <span class='ocr_line' id='line_1_38' title="bbox 197 2702 1902 2775; baseline 0.001 -26"><span class='ocrx_word' id='word_1_284' title='bbox 197 2703 436 2750; x_wconf 70' lang='lat' dir='ltr'><strong>stabilitas</strong></span> <span class='ocrx_word' id='word_1_285' title='bbox 477 2704 675 2775; x_wconf 70' lang='lat' dir='ltr'><strong>Madm&#39;q</strong></span> <span class='ocrx_word' id='word_1_286' title='bbox 704 2707 754 2751; x_wconf 86' lang='lat' dir='ltr'><strong>et</strong></span> <span class='ocrx_word' id='word_1_287' title='bbox 795 2705 800 2763; x_wconf 90' lang='grc'>1</span> <span class='ocrx_word' id='word_1_288' title='bbox 843 2702 1084 2751; x_wconf 78' lang='lat' dir='ltr'><strong>subtilitas</strong></span> <span class='ocrx_word' id='word_1_289' title='bbox 1114 2706 1160 2751; x_wconf 81' lang='grc' dir='ltr'><strong><em>Δ</em></strong></span> <span class='ocrx_word' id='word_1_290' title='bbox 1201 2706 1327 2763; x_wconf 74' lang='lat' dir='ltr'><strong>(poet</strong></span> <span class='ocrx_word' id='word_1_291' title='bbox 1364 2706 1413 2750; x_wconf 87' lang='lat' dir='ltr'><strong>et</strong></span> <span class='ocrx_word' id='word_1_292' title='bbox 1449 2706 1503 2751; x_wconf 76' lang='lat' dir='ltr'><strong>in</strong></span> <span class='ocrx_word' id='word_1_293' title='bbox 1543 2720 1686 2765; x_wconf 68' lang='lat' dir='ltr'><strong>mar-9.</strong></span> <span class='ocrx_word' id='word_1_294' title='bbox 1719 2706 1902 2764; x_wconf 73' lang='lat' dir='ltr'><strong>aliquid</strong></span> 
     </span>
     <span class='ocr_line' id='line_1_39' title="bbox 198 2706 1903 2870; baseline 0 -59"><span class='ocrx_word' id='word_1_295' title='bbox 198 2777 380 2811; x_wconf 66' lang='lat' dir='ltr'><strong>oratum</strong></span> <span class='ocrx_word' id='word_1_296' title='bbox 401 2766 482 2823; x_wconf 71' lang='lat' dir='ltr'><strong>est)</strong></span> <span class='ocrx_word' id='word_1_297' title='bbox 503 2762 603 2825; x_wconf 75' lang='lat'><strong>1120</strong></span> <span class='ocrx_word' id='word_1_298' title='bbox 623 2764 749 2810; x_wconf 84' lang='lat' dir='ltr'><strong>uim&#39;t</strong></span> <span class='ocrx_word' id='word_1_299' title='bbox 771 2763 841 2811; x_wconf 77' lang='lat' dir='ltr'><strong>A²</strong></span> <span class='ocrx_word' id='word_1_300' title='bbox 862 2763 1000 2810; x_wconf 84' lang='lat' dir='ltr'><strong>uiuat</strong></span> <span class='ocrx_word' id='word_1_301' title='bbox 1022 2706 1623 2870; x_wconf 55' lang='lat' dir='ltr'><strong>A¹(?)ut(pv01{2npo21ffist</strong></span> <span class='ocrx_word' id='word_1_302' title='bbox 1647 2778 1734 2811; x_wconf 86' lang='lat' dir='ltr'><strong>nec</strong></span> <span class='ocrx_word' id='word_1_303' title='bbox 1765 2765 1903 2812; x_wconf 72' lang='lat' dir='ltr'><strong>Gertz</strong></span> 
     </span>
     <span class='ocr_line' id='line_1_40' title="bbox 197 2821 1895 2895; baseline 0.002 -27"><span class='ocrx_word' id='word_1_304' title='bbox 197 2821 467 2869; x_wconf 78' lang='lat' dir='ltr'><strong>hominibus</strong></span> <span class='ocrx_word' id='word_1_305' title='bbox 510 2823 641 2880; x_wconf 66' lang='lat' dir='ltr'><strong>aad„</strong></span> <span class='ocrx_word' id='word_1_306' title='bbox 681 2829 809 2894; x_wconf 69' lang='lat' dir='ltr'><strong>poet</strong></span> <span class='ocrx_word' id='word_1_307' title='bbox 825 2825 1036 2871; x_wconf 85' lang='lat' dir='ltr'><strong>metient.</strong></span> <span class='ocrx_word' id='word_1_308' title='bbox 1069 2824 1234 2895; x_wconf 64' lang='lat' dir='ltr'><strong>Stoma}</strong></span> <span class='ocrx_word' id='word_1_309' title='bbox 1275 2824 1293 2885; x_wconf 87' lang='grc' dir='ltr'><strong>ΙΙ</strong></span> <span class='ocrx_word' id='word_1_310' title='bbox 1427 2824 1621 2883; x_wconf 86' lang='lat' dir='ltr'><strong>inquam</strong></span> <span class='ocrx_word' id='word_1_311' title='bbox 1654 2836 1682 2870; x_wconf 79' lang='grc' dir='ltr'><strong><em>ς</em></strong></span> <span class='ocrx_word' id='word_1_312' title='bbox 1711 2830 1755 2871; x_wconf 84' lang='lat' dir='ltr'><strong>et</strong></span> <span class='ocrx_word' id='word_1_313' title='bbox 1782 2826 1856 2872; x_wconf 87' lang='lat' dir='ltr'><strong>vol</strong></span> <span class='ocrx_word' id='word_1_314' title='bbox 1855 2840 1895 2886; x_wconf 93' lang='grc'><strong>9.</strong></span> 
     </span>
     <span class='ocr_line' id='line_1_41' title="bbox 198 2881 1713 2944; baseline 0.002 -18"><span class='ocrx_word' id='word_1_315' title='bbox 198 2881 355 2939; x_wconf 83' lang='lat' dir='ltr'><strong>inquit</strong></span> <span class='ocrx_word' id='word_1_316' title='bbox 377 2884 423 2930; x_wconf 75' lang='lat' dir='ltr'><strong><em>A</em></strong></span> <span class='ocrx_word' id='word_1_317' title='bbox 459 2884 479 2943; x_wconf 89' lang='grc' dir='ltr'><strong>ΙΙ</strong></span> <span class='ocrx_word' id='word_1_318' title='bbox 506 2882 567 2929; x_wconf 76' lang='lat'><strong>28</strong></span> <span class='ocrx_word' id='word_1_319' title='bbox 596 2897 691 2929; x_wconf 86' lang='lat' dir='ltr'><strong>non</strong></span> <span class='ocrx_word' id='word_1_320' title='bbox 721 2883 813 2929; x_wconf 78' lang='lat' dir='ltr'><strong>nisi</strong></span> <span class='ocrx_word' id='word_1_321' title='bbox 842 2885 1040 2944; x_wconf 64' lang='lat' dir='ltr'><strong>Madvig</strong></span> <span class='ocrx_word' id='word_1_322' title='bbox 1069 2899 1164 2931; x_wconf 89' lang='lat' dir='ltr'><strong>non</strong></span> <span class='ocrx_word' id='word_1_323' title='bbox 1195 2884 1235 2930; x_wconf 82' lang='lat' dir='ltr'><strong>si</strong></span> <span class='ocrx_word' id='word_1_324' title='bbox 1266 2884 1312 2930; x_wconf 76' lang='lat' dir='ltr'><strong><em>A</em></strong></span> <span class='ocrx_word' id='word_1_325' title='bbox 1343 2898 1437 2931; x_wconf 90' lang='lat' dir='ltr'><strong>non</strong></span> <span class='ocrx_word' id='word_1_326' title='bbox 1469 2885 1570 2932; x_wconf 83' lang='lat' dir='ltr'><strong>sine</strong></span> <span class='ocrx_word' id='word_1_327' title='bbox 1599 2885 1713 2944; x_wconf 83' lang='grc' dir='ltr'><strong><em>υοῑ9.</em></strong></span> 
     </span>
    </p>
   </div>
  </div>
 </body>
</html>
