2028 3106
30 913 73 946 10

26 1285 69 1319 15

24 2064 68 2098 25

109 101 193 146 AD
211 98 493 146 HELVIAM
507 98 774 143 MATREM
789 99 871 144 DE
889 99 1353 146 CONSOLATIONE
1371 99 1498 145 CAP.
1519 106 1587 146 11.
1608 105 1663 146 12
1704 102 1812 156 357

110 224 833 366 ἕὲἕέἓὶἑέωξῖῗῗηὲᾝξ
835 225 977 351 “²1:20
1014 222 1525 369 ἶίἶὲἒὲώὲηἷὲἶῗ
1559 226 1640 351 322
1656 222 1816 368 ²133
1847 310 1874 351 ⁶

394 338 409 366 2
841 347 846 354 ·
1206 340 1217 351 ·
1647 339 1662 367 ν

109 373 301 427 divites
340 370 495 441 facit3
541 371 632 425 hic
669 371 727 424 in
767 371 928 425 exilia
966 372 1212 441 sequitur
1249 375 1303 426 et
1340 372 1398 425 in
1436 372 1814 426 solitudinibus

109 447 439 517 asperrimis,
486 463 610 500 cum
658 449 921 515 quantum
961 447 1089 500 satis
1130 450 1212 500 est
1250 446 1561 500 sustinendo
1602 447 1817 518 corpori

106 522 333 590 invenit,
372 522 487 591 ipse
526 519 681 574 bonis
721 520 832 573 suis
872 521 1111 574 abundat
1149 524 1204 575 et
1233 521 1452 575 fruitur:
1490 523 1720 592 pecunia
1750 522 1817 576 ad

106 596 346 650 animum
390 595 529 650 nihil
574 595 830 665 pertinet,
875 614 988 650 non
1034 596 1206 667 magis
1248 614 1409 666 quam
1449 596 1517 650 ad
1554 596 1681 650 deos
1720 595 1817 650 im-

106 671 366 725 mortalis.
444 670 627 724 omnia
671 669 798 739 ista,
846 687 983 739 quae
1022 671 1273 741 imperita
1310 671 1528 742 ingenia
1566 674 1619 725 et
1655 670 1815 725 nimis

105 745 424 816 corporibus
486 744 597 798 suis
659 744 874 798 addicta
936 745 1259 816 suspiciunt,
1320 746 1550 816 lapides,
1610 764 1817 815 aurum,
1848 760 1874 800 6

104 824 390 892 argentum
435 822 490 874 et
535 819 720 891 magni
757 819 1027 889 levatique
1065 838 1372 874 mensarum
1412 821 1568 875 orbes
1606 824 1816 875 terrena

103 898 231 949 sunt
268 894 529 966 pondera,
569 911 707 965 quae
744 913 857 948 non
894 898 1077 964 potest
1114 913 1293 949 amare
1332 895 1571 950 sincerus
1604 896 1814 950 animus

103 988 167 1025 ac
196 974 419 1024 naturae
451 987 578 1024 suae
602 988 825 1039 memor,
854 969 986 1023 levis
1011 970 1142 1040 ipse,
1175 970 1454 1041 expeditus
1478 973 1546 1040 et,
1579 970 1815 1040 quando·

103 1063 208 1115 que
270 1045 497 1100 emissus
558 1044 743 1115 fuerit,
806 1044 873 1098 ad
929 1063 1139 1099 summa
1193 1045 1539 1115 emicaturus3
1600 1045 1815 1099 interim

103 1123 366 1190 quantum
405 1138 504 1190 per
540 1137 719 1173 moras
759 1118 1124 1173 membrorum
1164 1123 1219 1174 et
1256 1120 1397 1175 hanc
1434 1121 1815 1174 circumfusam

102 1213 323 1266 gravem
376 1195 642 1248 sarcinam
694 1194 846 1264 licet,
900 1194 1059 1248 celeri
1114 1197 1169 1248 et
1222 1195 1432 1250 volucri
1486 1194 1815 1266 cogitatione

101 1269 284 1323 divina
314 1270 618 1340 perlustrat.
695 1268 924 1339 ideoque
954 1287 1055 1323 nec
1086 1270 1301 1324 exulare
1331 1288 1588 1340 umquam
1620 1273 1816 1340 potest,
1847 1283 1872 1323 ’1

99 1345 238 1398 liber
287 1348 343 1399 et
387 1344 499 1398 deis
546 1347 809 1416 cognatus
856 1347 912 1398 et
958 1345 1106 1398 omni
1145 1344 1347 1398 mundo
1389 1344 1642 1414 omnique
1681 1363 1813 1399 aevo

99 1437 221 1489 pai-3
258 1438 385 1473 nam
418 1419 677 1492 cogitatio
709 1419 824 1473 eius
857 1419 1000 1474 circa
1032 1438 1190 1473 omne
1221 1420 1429 1474 caelum
1462 1419 1530 1490 it,
1567 1416 1625 1473 in
1656 1437 1812 1473 omne

98 1495 449 1563 praeteritum
515 1494 868 1564 futurumque
936 1497 1149 1565 tempus
1211 1493 1518 1548 inmittitur.
1597 1512 1813 1563 corpus·

99 1568 284 1623 culum
337 1569 466 1639 hoc,
518 1569 765 1624 custodia
818 1571 872 1623 et
925 1570 1201 1623 vinculum
1256 1569 1444 1639 animi,
1497 1569 1606 1624 huc
1652 1572 1812 1640 atque

99 1642 232 1697 illuc
277 1645 528 1714 iactatur3
575 1644 634 1698 in
678 1644 784 1698 hoc
830 1644 1122 1715 supplicia,
1166 1644 1225 1697 in
1261 1643 1367 1699 hoc
1404 1644 1710 1714 latrocinia,
1755 1644 1814 1698 in

97 1716 204 1772 hoc
254 1719 430 1773 morbi
482 1722 818 1774 exercentur:
869 1720 1081 1773 animus
1132 1718 1350 1789 quidem
1400 1719 1515 1789 ipse
1566 1736 1715 1774 sacer
1759 1722 1814 1774 et

98 1796 346 1849 aeternus
386 1797 470 1849 est
508 1797 564 1848 et
602 1794 691 1849 cui
728 1812 841 1847 non
879 1794 1054 1865 possit
1091 1794 1222 1848 inici
1260 1812 1467 1851 manus.

245 1897 365 1953 XII„
427 1897 512 1953 Ne
559 1917 644 1953 me
690 1901 847 1969 putes
895 1899 963 1952 ad
1009 1898 1266 1953 elevanda
1303 1899 1647 1954 incommoda
1683 1917 1813 1970 pau·
1845 1913 1867 1954 1

99 1974 348 2044 pertatis‚
405 1993 568 2045 quam
617 1992 775 2028 nemo
828 1991 1047 2045 gravem
1097 1974 1287 2045 sentit,
1337 1974 1445 2028 nisi
1497 1974 1592 2044 qui
1640 1976 1809 2044 putat,

99 2048 180 2102 uti
246 2051 459 2103 tantum
529 2049 830 2120 praeceptis
900 2049 1248 2119 sapientium,
1316 2049 1554 2119 primum
1616 2049 1809 2119 aspice,

99 2125 302 2193 quanto
349 2125 524 2179 maior
567 2142 691 2196 pars
732 2124 804 2178 sit
841 2142 1163 2194 pauperum,
1209 2141 1345 2194 quos
1383 2124 1556 2178 nihilo
1595 2123 1808 2179 notabis

248 2330 274 2375 1
308 2330 451 2376 exilla
474 2330 544 2377 A*
574 2345 688 2378 corr.
721 2332 827 2387 fort.
860 2330 931 2377 A²
965 2330 984 2399 Η
1024 2331 1055 2376 6
1090 2335 1195 2389 post
1222 2330 1504 2379 immortalis
1539 2330 1675 2377 Gertz
1705 2345 1809 2378 cum

97 2389 169 2436 A’
193 2397 419 2448 Μάνη
443 2393 622 2449 posuit,
646 2391 769 2449 quod
790 2392 920 2449 volqo
935 2396 1044 2448 post
1066 2390 1332 2449 suspiciunt
1346 2393 1542 2449 ponitur
1574 2390 1580 2450 Ι
1610 2390 1667 2436 11
1692 2390 1807 2437 levis

95 2449 221 2506 ipse,
265 2450 513 2508 expeditus
556 2453 606 2496 et
645 2451 813 2509 scripsi
852 2465 956 2496 cum
999 2446 1195 2497 Traaero
1236 2452 1338 2509 (cfr.
1363 2465 1436 2509 qu.
1461 2466 1508 2497 n.
1589 2452 1705 2508 prol.
1733 2453 1806 2509 11)

96 2507 216 2554 leuis
239 2509 342 2569 ipse
367 2524 533 2569 expers
557 2511 606 2556 et
624 2512 671 2557 A
697 2509 813 2556 levis
836 2510 939 2568 ipse
962 2523 1129 2568 expers
1152 2510 1360 2569 eorporis
1384 2514 1487 2568 (om.
1513 2511 1577 2568 et)
1605 2510 1808 2557 Goerenz

96 2567 126 2613 1.
152 2568 182 2614 i.
208 2571 258 2615 et
287 2571 454 2628 pernix
486 2572 535 2616 et
564 2570 791 2618 Schultess
820 2569 968 2615 faecis
999 2570 1102 2628 ipse
1133 2583 1298 2628 expers
1329 2571 1378 2617 et
1410 2570 1547 2617 Gertz
1581 2569 1673 2616 luis
1703 2571 1806 2628 ipse

96 2640 263 2714 expers
295 2632 346 2676 et
375 2630 509 2677 Ellis
543 2630 561 2691 ΙΙ
599 2629 659 2677 15
688 2629 982 2691 perlustratll
1006 2633 1139 2689 (eras.
1165 2630 1200 2688 i)
1224 2631 1271 2677 A
1307 2630 1311 2688 Ι
1348 2629 1805 2691 exularellumquam

97 2689 143 2734 A
194 2687 212 2748 ΙΙ
242 2688 303 2735 10
333 2703 414 2736 evo
438 2704 545 2749 par.
588 2691 672 2738 Νᾶ
701 2689 928 2749 cogitatio
951 2690 999 2736 A
1030 2692 1071 2749 (e
1093 2703 1185 2749 pro
1208 2702 1235 2750 e
1257 2690 1574 2746 substitutum,
1603 2690 1807 2747 reliquae

97 2748 274 2795 litterae
304 2750 556 2797 inclinatu
584 2751 639 2797 in
666 2764 759 2797 ras.
791 2749 878 2808 A⁸)
907 2749 914 2809 Ι
962 2749 1020 2795 17
1051 2750 1093 2796 it
1125 2749 1261 2796 Gertz
1292 2751 1342 2796 et
1363 2751 1409 2797 A
1441 2750 1513 2795 est
1543 2749 1659 2808 (coll.
1686 2750 1804 2797 Hor.

97 2808 222 2855 e.11
248 2810 363 2865 6,6)
394 2809 623 2857 Sdouloess
662 2808 1020 2872 [minioilsA
1051 2808 1806 2869 (eiurasmaioruvidffiuisse

97 2867 278 2924 inimici
305 2868 324 2928 ΙΙ
354 2867 415 2914 25
444 2871 517 2915 uti
537 2870 610 2917 A‘
683 2869 992 2941 sapientium,
1023 2869 1228 2928 primum
1258 2870 1550 2928 interpunxit
1580 2869 1629 2916 Ο.
1654 2869 1713 2916 F.
1732 2870 1802 2917 W.

101 2927 279 2975 Miller
309 2928 592 2986 sapientum.
767 2943 848 2974 um
879 2929 994 2988 0019.
