2034 3086
206 60 313 115 170
526 59 576 104 L.
601 43 839 103 ANNAEI'
868 58 1142 105 SENECAE
1172 58 1569 107 D1AL.L113.V1.

202 198 398 252 magno
454 180 632 235 animo
686 179 904 234 tulerit?
1003 181 1217 236 orbitati
1274 201 1400 236 suae
1452 183 1748 254 gratulatus
1802 187 1898 238 est.

203 258 256 308 et
307 272 412 324 quo
463 274 585 308 eum
633 255 806 326 magis
855 258 1068 324 poterat
1114 274 1424 326 permovere
1468 260 1621 310 tanta
1656 259 1900 328 mutatio,

204 329 402 383 solacia
462 329 625 383 simul
684 331 846 398 atque
906 329 1105 383 auxilia
1164 331 1416 400 perdidit!
1506 349 1617 385 non
1670 333 1899 404 contigit

201 405 383 457 tamen
419 403 629 457 tristem
667 401 896 456 Paulum
935 402 1085 457 Persi
1122 405 1313 458 videre.

351 491 495 546 XIV.
550 490 691 555 Quid
727 510 872 546 nunc
909 495 963 546 te
1001 511 1097 562 per
1134 493 1543 548 innumerabilia
1580 513 1897 566 magnorum

200 566 440 620 virorum
494 567 740 636 exempla
793 567 984 620 ducam
1038 570 1092 620 et
1146 584 1395 636 quaeram
1449 569 1691 638 miseros,
1746 571 1898 639 quasi

200 658 311 694 non
357 640 631 694 difficilius
678 641 749 694 sit
789 641 1026 695 invenire
1064 641 1283 695 felices?
1358 645 1523 712 quota
1560 643 1697 696 enim
1743 661 1899 712 quae-

203 731 305 783 que
359 714 549 769 domus
603 733 774 785 usque
827 715 894 768 ad
947 714 1150 770 exitum
1201 716 1448 771 omnibus
1497 717 1737 787 partibus
1788 718 1898 771 suis

201 788 482 844 constitit?
556 790 614 842 in
665 807 771 860 qua
811 807 930 843 -non
978 789 1182 860 aliquid
1226 791 1501 845 turbatum
1540 792 1657 845 est?
1730 811 1898 845 unum

202 863 496 932 quemlibet
549 882 749 917 annum
800 882 1004 935 occupa
1052 868 1107 919 et
1155 883 1222 918 ex
1271 883 1334 919 eo
1384 867 1730 939 magistratus
1770 867 1898 921 cita:

199 937 427 992 Lucium
467 938 514 992 si
546 938 628 992 vis
658 938 917 992 Bibulum
948 943 1002 993 et
1034 937 1089 993 C.
1114 937 1390 993 Caesarem
1422 971 1492 980 —
1523 941 1728 995 videbis
1759 942 1901 995 inter

201 1013 434 1085 collegas
473 1012 874 1067 inimicissimos
914 1013 1233 1068 concordem
1264 1014 1550 1069 fortunam.
1617 1015 1676 1070 L.
1699 1015 1898 1085 Bibuli,

154 1087 157 1090 ⁴
199 1088 436 1141 melioris
483 1106 645 1157 quam
691 1087 930 1141 fortioris
975 1089 1100 1158 viri,
1147 1089 1252 1142 duo
1294 1089 1454 1142 simul
1492 1090 1594 1143 filii
1632 1090 1899 1145 interfecti

191 1164 346 1231 sunt,
386 1160 658 1233 Aegyptio
699 1161 916 1231 quidem
965 1163 1126 1216 militi
1170 1162 1403 1217 ludibrio
1449 1163 1644 1233 habiti,
1688 1167 1752 1218 ut
1787 1183 1900 1219 non

199 1236 378 1290 minus
432 1237 551 1306 ipsa
604 1236 834 1290 orbitate
887 1241 1076 1291 auctor
1128 1237 1242 1291 eius
1304 1237 1467 1309 digna
1526 1257 1609 1292 res
1662 1238 1896 1293 lacrimis

200 1313 352 1364 esset.
447 1310 676 1364 Bibulus
737 1314 941 1381 tamen,
1006 1311 1099 1381 qui
1159 1315 1276 1366 toto
1337 1312 1557 1366 honoris
1620 1313 1703 1365 sui
1757 1331 1896 1366 anno

199 1384 360 1454 <ob>
414 1385 672 1438 invidiam
727 1386 963 1457 collegae
1018 1385 1165 1439 domi
1223 1386 1475 1456 latuerat,
1535 1389 1751 1456 postero
1783 1455 1786 1459 ἡ
1814 1386 1897 1441 die

201 1476 362 1527 quam
414 1459 691 1530 geminum
743 1460 905 1513 funus
958 1460 1324 1514 renuntiatum
1374 1464 1478 1531 est,
1525 1460 1786 1530 processit
1830 1460 1898 1514 ad

200 1532 360 1586 solita
404 1533 617 1604 imperii
662 1532 854 1588 officia.
933 1534 1053 1607 quis
1093 1534 1269 1588 minus
1311 1538 1492 1605 potest
1529 1552 1689 1604 quam
1728 1553 1896 1588 unum

199 1606 339 1661 diem
390 1607 599 1662 duobus
648 1608 756 1661 filis
806 1608 967 1662 dare?
1041 1612 1153 1662 tam
1200 1609 1308 1663 cito
1353 1610 1645 1663 liberorum
1689 1609 1896 1664 luctum

199 1681 398 1752 finivit,
447 1683 541 1752 qui
591 1683 931 1737 consulatum
977 1701 1117 1737 anno
1155 1683 1378 1737 luxerat.
1456 1682 1510 1737 G.
1544 1682 1736 1737 Caesar
1773 1702 1895 1738 cum

198 1756 533 1811 Britanniam
571 1761 880 1829 peragraret
915 1775 1016 1812 nec
1054 1776 1253 1812 oceano
1285 1757 1556 1812 continere
1585 1757 1896 1812 felicitatem

199 1850 350 1884 suam
389 1835 594 1902 posset,
631 1832 782 1887 audit
813 1832 1099 1886 decessisse
1130 1832 1298 1885 filiam
1329 1833 1546 1902 publica
1576 1850 1755 1886 secum
1786 1832 1896 1886 fata

199 1905 495 1960 ducentem.
557 1907 615 1960 in
653 1906 822 1961 oculis
861 1909 974 1960 erat
1008 1907 1116 1960 iam
1149 1905 1239 1960 On.
1265 1905 1552 1977 Pompeius
1583 1925 1694 1961 non
1724 1925 1894 1977 aequo

197 1980 404 2034 laturus
458 1981 638 2035 animo
694 1999 1018 2051 quemquam
1072 1981 1238 2035 alium
1292 1999 1406 2035 esse
1459 1981 1517 2035 in
1568 2000 1624 2035 re
1678 1981 1896 2051 publica

198 2073 455 2126 magnum
517 2059 570 2110 et
630 2056 850 2110 modum
918 2056 1249 2126 inpositurus
1317 2056 1683 2126 incrementis,
1760 2073 1894 2124 quae

199 2129 382 2200 gravia
461 2130 543 2183 illi
621 2130 963 2200 videbantur,
1045 2131 1207 2184 etiam
1288 2148 1410 2184 cum
1482 2130 1540 2183 in
1611 2148 1893 2184 commune

345 2275 377 2320 2
414 2277 463 2321 et
500 2289 639 2333 quem
676 2280 830 2334 magis
867 2277 1055 2334 poterat
1084 2289 1170 2334 per
1199 2289 1387 2321 mouere
1417 2277 1554 2320 tanta
1584 2275 1815 2320 mutatio?
1847 2276 1893 2320 A

197 2348 311 2380 corr.
342 2335 476 2381 Gertz
515 2335 532 2396 ΙΙ
571 2335 602 2380 3
639 2336 849 2393 perdidit
876 2337 927 2381 F
952 2335 1110 2393 perdit
1132 2337 1179 2381 A
1218 2336 1235 2396 Η
1276 2335 1307 2380 4
1342 2335 1474 2380 Persi
1503 2336 1696 2392 Lipsius
1726 2348 1893 2392 persen

197 2395 326 2439 A⁶F
349 2395 499 2451 persis
522 2400 575 2440 ut
594 2396 687 2441 vid.
713 2395 783 2441 A¹
811 2395 828 2456 ΙΙ
861 2396 885 2440 7
910 2396 1036 2452 quod
1059 2395 1184 2440 enim
1208 2408 1391 2453 queque
1414 2396 1522 2440 AF
1537 2408 1651 2440 corr.
1669 2395 1856 2440 Fickert
1877 2394 1892 2453 ΙΙ

197 2453 227 2498 9
258 2454 498 2499 constitit?
552 2455 603 2499 in
641 2468 735 2512 qua
761 2490 769 2499 .
798 2491 806 2500 .
836 2492 843 2500 .
869 2457 969 2500 est?
1003 2456 1200 2514 Madvig]
1240 2455 1465 2500 constitit.
1519 2454 1571 2498 in
1601 2468 1695 2511 qua
1721 2490 1730 2498 .
1758 2490 1765 2498 .
1794 2489 1802 2498 .
1831 2454 1890 2498 sit

198 2514 244 2558 A
283 2519 334 2559 ut
370 2515 486 2572 voly.
520 2514 684 2559 domus
717 2517 956 2571 <quae>
986 2528 1135 2572 usque
1161 2551 1169 2559 .
1198 2551 1206 2559 .
1235 2550 1243 2559 .
1270 2514 1555 2569 constiterit,
1593 2514 1643 2558 in
1682 2527 1776 2570 qua
1805 2550 1814 2558 .
1842 2549 1850 2556 .
1879 2549 1887 2556 .

198 2572 260 2616 sit
290 2587 330 2618 v.
355 2574 398 2618 d.
427 2574 550 2619 Vliet
584 2573 589 2633 Ι
643 2573 702 2618 13
731 2574 937 2619 fortioris
960 2575 1007 2619 A
1036 2573 1359 2625 fortunatioris
1392 2574 1530 2619 Gertz
1565 2572 1582 2632 ΙΙ
1624 2572 1684 2617 16
1711 2575 1811 2618 toto
1843 2573 1895 2617 F

197 2637 249 2677 ut
278 2633 391 2690 voly.
423 2634 497 2677 tot
519 2634 565 2678 A
607 2633 611 2693 Ι
642 2633 697 2678 17
723 2633 782 2677 ob
806 2634 1038 2678 inuidiam
1060 2635 1112 2678 F
1135 2633 1366 2678 inuidiam
1390 2634 1436 2678 A
1466 2632 1482 2692 Η
1513 2632 1570 2676 19
1597 2632 1707 2689 imp.
1735 2632 1890 2677 officia

197 2692 243 2736 A
274 2691 571 2748 imperatoris
602 2692 686 2737 off·
716 2694 768 2738 F
838 2693 953 2750 quid
979 2694 1133 2737 minus
1156 2694 1313 2750 potest
1336 2693 1441 2737 AF
1467 2706 1581 2738 corr.
1608 2691 1890 2748 Gertz'quid

197 2750 351 2795 minus
381 2753 570 2808 poterat
601 2754 760 2798 Muret
788 2752 793 2812 Ι
834 2753 894 2798 20
923 2752 1014 2809 filjs
1039 2754 1085 2797 A
1160 2752 1220 2796 23
1250 2752 1344 2796 aud
1375 2752 1415 2796 it
1437 2753 1483 2797 A
1515 2753 1636 2809 (item
1658 2765 1708 2808 p,
1736 2756 1844 2805 171,
1862 2756 1887 2795 1

198 2809 257 2854 ob
288 2810 344 2868 it)
377 2811 530 2856 audiit
559 2817 644 2857 aut
673 2812 854 2856 audivit
877 2813 975 2858 edd.
1004 2812 1008 2871 Ι
1043 2826 1109 2868 pu
1142 2811 1269 2869 licasl
1288 2814 1417 2868 (eras.
1443 2814 1506 2868 m)
1532 2812 1576 2855 A
1607 2810 1622 2869 Η
1651 2810 1711 2854 26
1733 2811 1783 2854 in
1806 2824 1888 2866 po-

199 2869 396 2914 siturum
427 2873 491 2928 (m
522 2885 634 2917 corr.
660 2873 711 2917 in
739 2885 759 2915 s
790 2871 896 2926 fort.
921 2886 978 2917 m.
1005 2873 1049 2928 1)
1073 2873 1118 2916 A
1148 2871 1164 2930 ΙΙ
1194 2871 1251 2916 27
1276 2884 1381 2914 cum
1412 2871 1462 2915 in
1492 2872 1544 2914 in
1574 2884 1665 2915 ras.
1689 2870 1794 2925 fort.
1819 2869 1890 2914 A²

1929 887 1972 920 1ss

1930 1257 1971 1292 16

1928 1629 1971 1663 20

1925 1999 1968 2033 25
