2034 3086
66 854 109 886 10

62 1258 105 1289 15

59 2000 102 2035 2⁵

401 42 483 88 DE
515 41 906 90 CONSTANTIA
939 41 1254 89 SAPIENTIS
1286 42 1414 89 CAP.
1444 49 1512 88 11.
1541 49 1595 88 12
1785 49 1857 105 35

145 167 305 235 sputo
353 165 618 237 adspersit
671 168 765 219 aut
813 163 1039 218 nudavit
1085 163 1143 217 in
1189 168 1482 236 conspectu
1521 183 1741 220 suorum
1780 170 1856 221 te-

142 240 318 311 genda
369 244 424 295 et
460 240 636 295 verbis
688 238 1090 294 obscenioribus
1143 257 1256 293 non
1301 241 1563 312 pepercit,
1615 243 1668 294 et
1716 241 1857 295 nihil

141 313 338 368 horum
385 315 767 370 contumeliam
815 314 1056 368 dicimus.
1136 315 1337 384 quare?
1414 316 1541 386 quia
1586 315 1680 386 qui
1725 316 1857 370 facit

143 393 483 443 contemnere
519 407 632 442 non
661 392 854 459 potest.
909 387 1093 442 eadem
1125 406 1288 442 causa
1318 393 1422 460 est,
1453 409 1549 445 cur
1578 408 1677 444 nos
1709 409 1855 444 man·
1888 406 1914 446 3

142 464 408 535 cipiorum
445 466 757 518 nostrorum
788 463 1062 518 urbanitas
1095 462 1153 515 in
1185 463 1434 519 dominos
1466 466 1856 520 contumeliosa

141 538 391 608 delectet,
438 555 670 608 quorum
718 539 943 594 audacia
988 539 1065 591 ita
1103 537 1321 592 demum
1361 540 1464 594 sibi
1503 541 1561 594 in
1600 542 1854 595 convivas

141 614 225 666 ius
263 612 418 681 facit,
456 613 503 666 si
542 615 722 684 coepit
760 634 792 668 a
830 614 1075 683 domin03
1121 615 1174 666 et
1211 616 1274 666 ut
1314 615 1542 685 quisque
1582 619 1855 687 contemp-

139 687 382 741 tissimus
421 691 475 741 et
512 689 600 742 vel
635 689 932 743 ludibrium
972 691 1076 758 est,
1121 688 1198 741 ita
1236 688 1598 744 solutissimae
1635 691 1854 762 linguae

140 765 234 815 est.
311 780 508 833 pueros
556 764 776 833 quidam
824 765 883 817 in
918 764 1026 818 hoe
1064 765 1371 817 mercantur
1407 783 1661 835 procaces
1700 769 1753 819 et
1791 766 1854 818 il-

137 836 317 891 lorum
341 838 731 909 impudentiam
764 842 965 893 acuunt
995 857 1058 892 ac
1089 838 1188 891 sub
1221 838 1481 908 magistro
1512 840 1728 910 habent,
1760 841 1853 909 qui

137 913 337 982 probra
381 913 636 967 meditate
686 914 983 979 effundant,
1029 930 1129 966 nec
1166 911 1263 965 has
1305 916 1659 968 contumelias
1698 933 1852 969 voca-

137 1005 283 1058 mus,
326 988 420 1042 sed
466 989 728 1060 argutias:
775 990 977 1057 quanta
1021 990 1201 1040 autem
1249 986 1518 1041 dementia
1564 993 1645 1043 est
1683 990 1852 1044 isdem

137 1062 300 1116 modo
340 1062 616 1131 delectari,
653 1062 815 1115 modo
856 1061 1078 1130 offendi,
1117 1064 1170 1114 et
1200 1080 1313 1115 rem
1347 1063 1412 1115 ab
1445 1064 1619 1118 amico
1653 1065 1851 1120 dictam

139 1137 485 1191 maledictum
522 1155 738 1204 vocare,
777 1155 809 1188 a
847 1136 1062 1189 servulo
1102 1137 1338 1190 ioculare
1378 1138 1707 1193 convicium!

287 1240 405 1294 XII.
446 1239 617 1303 Quem
657 1239 898 1293 animum
929 1258 1029 1294 nos
1062 1241 1316 1296 adversus
1348 1261 1544 1314 pueros
1576 1243 1852 1313 habemuS‚
1886 1258 1908 1297 1

135 1314 282 1369 hunc
334 1315 547 1384 sapiens
594 1314 848 1368 adversus
896 1334 1107 1386 omnes,
1157 1318 1352 1388 quibus
1400 1319 1562 1372 etiam
1609 1322 1735 1388 post
1773 1320 1850 1371 iu-

135 1392 351 1442 ventam
390 1406 660 1459 canosque
697 1391 978 1460 puerilitas
1018 1395 1111 1445 est.
1168 1412 1238 1445 an
1277 1393 1567 1462 quicquam
1606 1394 1698 1446 isti
1729 1411 1850 1462 pro-

134 1463 398 1533 fecerunt,
444 1463 640 1532 quibus
670 1466 897 1534 puerilis
936 1467 1102 1520 animi
1150 1467 1293 1520 mala
1339 1470 1465 1520 sunt
1502 1468 1753 1536 auctique
1792 1467 1850 1519 in

135 1538 308 1592 maius
346 1556 575 1607 errores,
614 1540 710 1608 qui
740 1559 773 1593 a
794 1542 975 1610 pueris
1007 1541 1378 1613 magnitudine
1408 1544 1621 1594 tantum
1653 1542 1850 1606 forma-

135 1631 239 1683 que
286 1631 575 1684 corporum
622 1612 902 1684 differunt,
947 1619 1184 1670 ceterum
1230 1634 1342 1668 non
1387 1616 1566 1669 minus
1606 1617 1732 1688 vagi
1771 1617 1849 1670 in-

134 1689 396 1759 certique,
433 1688 796 1758 voluptatium
849 1690 963 1743 sine
1010 1690 1211 1745 dilectu
1265 1690 1598 1760 adpetentes,
1650 1692 1848 1763 trepidi

134 1767 189 1817 et
232 1783 344 1818 non
389 1764 607 1836 ingenio
648 1763 741 1817 sed
779 1763 1068 1818 formidine
1108 1764 1314 1834 quieti?
1388 1784 1500 1818 non
1539 1767 1659 1820 ideo
1701 1768 1848 1837 quic·
1879 1782 1905 1821 2

134 1855 298 1907 quam
336 1840 477 1893 inter
514 1839 638 1893 illos
669 1855 972 1909 puerosque
1004 1839 1258 1893 interesse
1291 1840 1412 1909 quis
1444 1840 1662 1911 dixerit,
1702 1843 1848 1913 quod

134 1913 243 1966 illis
281 1915 517 1968 talorum
555 1932 821 1968 nucumve
861 1917 915 1967 et
953 1914 1090 1966 aeris
1129 1915 1327 1967 minuti
1362 1916 1589 1969 avaritia
1620 1921 1723 1987 est,
1760 1917 1846 1971 his

133 1987 251 2039 auri
289 1989 605 2059 argentique
644 1992 698 2043 et
731 1989 970 2057 urbium,
1009 1988 1155 2057 quod
1193 1989 1275 2041 illi
1314 1989 1454 2042 inter
1493 1990 1640 2060 ipsos
1681 1993 1846 2064 magi-

133 2063 371 2114 stratuus
395 2067 590 2132 gerunt
613 2067 667 2117 et
690 2065 1021 2135 praetextam
1053 2062 1331 2131 fascesque
1363 2082 1426 2118 ac
1456 2065 1696 2119 tribunal
1728 2067 1846 2120 imi-

131 2137 339 2204 tantur,
382 2135 442 2188 hi
488 2138 672 2192 eadem
719 2140 776 2192 in
825 2157 1016 2208 campo
1066 2137 1293 2206 foroque
1330 2141 1382 2191 et
1421 2139 1479 2192 in
1518 2142 1668 2194 curia
1706 2141 1843 2194 serio

284 2326 309 2371 1
354 2326 404 2371 in
448 2331 703 2385 conspectu
745 2344 980 2376 servorum
1017 2331 1259 2375 Klammer
1298 2329 1315 2389 ΙΙ
1359 2330 1383 2375 7
1426 2332 1555 2392 cepit
1589 2333 1635 2378 A
1682 2332 1687 2391 Ι
1735 2346 1842 2376 con-

133 2387 473 2445 temptissimus
505 2388 554 2431 et
582 2387 658 2433 vel
688 2388 947 2435 ludibrium
973 2392 1046 2435 est
1070 2391 1133 2435 H.
1151 2390 1197 2436 J.
1217 2390 1396 2436 Malloi·
1426 2390 1841 2450 contemptissimis

133 2447 264 2505 (corr.
288 2448 395 2504 fort.
419 2462 477 2492 m.
500 2449 533 2491 2
561 2447 615 2492 in
644 2453 788 2508 ·mus)
819 2453 868 2495 et
898 2449 1212 2495 utludibrium
1243 2451 1316 2495 est
1339 2451 1385 2496 A
1425 2456 1569 2509 <e>
1602 2453 1840 2507 contemp-

131 2506 329 2553 tis-imis
368 2509 417 2578 et
453 2508 509 2551 ut
544 2505 804 2554 ludibrium
835 2512 909 2556 est
939 2510 1001 2556 E.
1025 2510 1221 2580 Ἠιῳηᾳε
1268 2511 1699 2581 contemptissimus
1737 2510 1840 2580 ipse

133 2568 183 2612 et
211 2566 468 2613 ludibrium
509 2568 581 2613 est
613 2568 813 2628 Madvig
859 2571 1291 2627 contemptissimus
1330 2573 1422 2626 est,
1455 2573 1525 2615 ita
1557 2572 1605 2615 et
1635 2585 1684 2614 in
1715 2568 1840 2615 ludi-

133 2624 287 2672 brium
319 2627 402 2672 sol.
436 2627 548 2685 ling.
582 2628 655 2671 est
684 2630 915 2685 qnamdam
948 2629 1107 2685 Gertz,
1138 2645 1265 2677 nunc
1288 2631 1412 2675 Rech
1448 2629 1466 2690 ΙΙ
1502 2629 1557 2674 11
1592 2629 1840 2676 effundant

132 2686 531 2794 {2⁰¹⁹2-5‘2m‘3222‘
560 2687 664 2793 :21¹¹
686 2686 993 2794 0¹{„¹‚¹‚{⁸‘³00¹¹1²·
1012 2690 1116 2796 ἐμὲ·
1156 2688 1454 2810 ,ἲἊὲἭὲἷὲ
1475 2702 1535 2794 ,ξε
1562 2689 1840 2811 ”Pssointssmfi

133 2747 410 2863 18n1liluerilis
438 2808 544 2853 add
572 2783 709 2854 Gertz
738 2807 755 2865 Η
784 2806 844 2853 24
868 2764 1031 2855 ami-lig.
1055 2810 1124 2855 A¹
1147 2824 1259 2855 corr.
1285 2822 1341 2853 m.
1367 2810 1399 2852 2
1427 2762 1533 2867 {lq25
1557 2766 1838 2869 argentigue

133 2865 183 2908 et
210 2866 437 2911 unionum
463 2867 669 2914 Karsten
704 2868 710 2926 ξ
744 2868 1085 2927 magistratuus
1111 2871 1153 2914 A
1186 2869 1202 2927 ΙΙ
1230 2867 1291 2912 26
1320 2868 1586 2924 pretextam
1611 2870 1656 2915 A

1419 2957 1477 3002 8·
