2034 3086
207 39 273 91 16
555 35 604 78 L.
630 34 867 79 ANNAEI
899 34 1174 89 SENECAE
1205 36 1364 82 DIAL.
1390 38 1502 81 LIB.
1527 38 1561 83 Ι.

202 174 308 226 quo
349 154 528 209 minus
565 155 837 225 recipiatis
879 157 1022 227 quod
1063 156 1321 211 dedistis?
1399 178 1430 212 a
1468 160 1683 212 volente
1724 161 1907 216 feretis

143 247 168 286 6
203 229 474 300 quicquid'
497 230 776 300 petieritis.
854 232 984 300 quid
1024 249 1151 301 ergo
1192 232 1309 285 est?
1370 234 1678 287 maluissem
1719 236 1909 290 offerre

201 322 361 373 quam
400 305 622 358 tradere.
678 304 807 374 quid
847 324 981 374 opus
1019 306 1125 359 fuit
1163 305 1409 360 auferre?
1475 309 1714 378 accipere
1752 312 1909 379 potu-

147 418 150 419 7
201 378 343 448 18118,
382 379 475 432 sed
513 399 581 433 ne
619 397 765 432 nunc
796 380 1012 449 quidem
1045 380 1297 434 auferetis
1305 421 1321 449 ,
1361 382 1488 450 quia
1516 384 1654 437 nihil
1684 383 1910 454 eripitur

199 453 305 506 nisi
352 453 642 508 retinenti.’
723 453 863 508 nihil
909 473 1097 527 cogor,
1149 455 1286 509 nihil
1332 456 1511 525 patior
1561 458 1762 512 invitus
1808 477 1908 512 nec
1962 478 1981 511 ⁵

200 527 373 582 servio
421 529 520 583 deo
561 528 654 583 sed
693 529 978 600 assentior,
1017 549 1080 584 eo
1121 531 1338 601 quidem
1377 532 1572 602 magis,
1613 533 1757 603 quod
1796 533 1905 587 scio

201 603 381 656 omnia
420 606 566 658 certa
605 605 659 657 et
696 602 755 656 in
793 607 1069 659 aeternum
1110 607 1253 661 dicta
1289 607 1409 676 lege
1449 605 1741 662 decurrere.
1794 609 1907 662 fata

198 696 297 731 nos
337 679 542 733 ducunt
581 681 635 731 et
674 681 936 747 quantum
977 681 1170 751 cuique
1215 680 1473 751 temporis
1520 684 1688 735 restat
1731 683 1907 753 prima

198 753 535 807 nascentium
589 751 724 805 hora
778 753 1057 823 disposuit.
1135 774 1295 810 causa
1354 754 1552 826 pendet
1605 774 1672 808 ex
1732 776 1907 828 causa,

198 827 410 897 privata
450 844 511 880 30
550 826 769 896 publica
806 828 1001 900 longus
1043 830 1173 884 ordo
1211 850 1391 885 rerum
1423 828 1610 883 trahit:
1648 829 1769 883 ideo
1800 833 1907 885 for-
1939 851 1982 883 ιο

198 903 327 955 titer
375 919 534 954 omne
573 901 886 969 patiendum
926 907 1030 974 est,
1081 905 1207 974 quia
1243 924 1377 975 11011,
1415 907 1476 957 111
1514 907 1790 973 putamus,
1828 905 1906 958 in-

199 976 386 1030 cidunt
425 978 620 1028 cuncta
659 975 752 1028 sed
790 977 1028 1032 veniunt.
1091 979 1221 1032 olim
1262 980 1615 1034 constitutum
1656 981 1738 1031 est
1777 979 1906 1046 quid

200 1049 433 1120 gaudeas
442 1090 458 1118 ,
498 1049 626 1117 quid
665 1049 793 1103 fleas
802 1090 818 1119 ‚
857 1054 910 1104 et
950 1054 1194 1121 quamvis
1234 1073 1431 1126 magna
1467 1053 1712 1107 videatur
1740 1052 1907 1105 varie-

197 1126 309 1177 tate
348 1123 686 1194 singulorum
725 1124 838 1177 vita
877 1126 1159 1199 distingui,
1198 1146 1409 1182 summa
1446 1129 1504 1181 in
1542 1145 1710 1180 unum
1734 1126 1906 1179 venit:

198 1197 490 1267 accipimus
537 1198 776 1268 peritura
824 1201 1061 1268 perituri.
1141 1203 1270 1272 quid
1308 1204 1490 1273 itaque
1529 1200 1907 1272 indignamur?
1939 1219 1980 1251 16

198 1271 328 1342 quid
379 1271 688 1341 querimur?
764 1271 830 1325 ad
869 1273 973 1328 hoc
1010 1277 1153 1345 parti
1191 1295 1392 1330 sumus,
1467 1280 1653 1331 utatur
1689 1278 1751 1328 ut
1787 1275 1906 1327 vult

197 1347 308 1401 81118
358 1349 552 1400 11311113
602 1347 941 1417 corporibus3
990 1369 1088 1404 nos
1139 1351 1268 1404 laeti
1306 1352 1373 1404 ad
1420 1353 1602 1405 omnia
1648 1354 1701 1404 et
1739 1349 1903 1402 fortes

197 1421 496 1494 cogitemus
543 1419 682 1474 nihil
719 1421 893 1491 perire
932 1423 996 1477 de
1034 1429 1236 1479 nostro.
1314 1425 1443 1495 quid
1483 1430 1564 1479 est
1603 1426 1732 1480 boni
1769 1422 1906 1477 viri?

195 1497 450 1567 praebere
501 1513 557 1549 se
605 1496 734 1550 fato.
812 1498 1012 1568 grande
1062 1501 1322 1554 solacium
1373 1503 1455 1554 est
1482 1517 1616 1554 ‘cum
1655 1500 1904 1554 universo

194 1572 335 1641 rapi3
376 1571 632 1640 quicquid
672 1573 754 1624 est
793 1571 937 1640 quod
974 1591 1074 1627 nos
1106 1575 1183 1629 sic
1214 1576 1415 1644 vivere,
1453 1575 1531 1627 sic
1565 1575 1704 1627 mori
1734 1573 1906 1641 iussit,
1937 1590 1980 1622 20

196 1647 380 1700 eadem
419 1645 738 1700 necessitate
778 1648 832 1699 et
864 1645 990 1700 deos
1015 1649 1216 1720 alligat.
1271 1649 1646 1703 inrevocabilis
1670 1649 1906 1702 humana

194 1721 396 1789 pariter
426 1739 488 1775 ac
520 1719 701 1773 divina
726 1738 912 1773 cursus
935 1721 1107 1776 vehit:
1138 1724 1230 1777 ille
1253 1725 1369 1794 ipse
1394 1725 1636 1777 omnium
1661 1723 1907 1777 conditor

196 1799 250 1847 et
278 1799 457 1849 rector
488 1795 704 1865 scripsit
728 1795 945 1864 quidem
970 1795 1096 1866 fata,
1114 1799 1206 1851 sed
1231 1799 1490 1868 sequitur,
1506 1817 1717 1868 semper
1738 1799 1905 1867 paret,

195 1871 361 1923 semel
398 1870 569 1924 iussit.
626 1870 808 1939 ‘quare
839 1872 1022 1923 tamen
1059 1872 1188 1926 deus
1227 1876 1354 1926 13111
1378 1873 1595 1942 iniquus
1634 1873 1692 1926 in
1731 1870 1904 1925 distri-

195 1943 418 1997 butione
455 1944 556 1998 fati
593 1944 721 2014 fuit,
759 1947 821 1997 ut
853 1943 1009 1997 bonis
1033 1946 1162 2000 viris
1194 1951 1566 2017 paupertatem
1600 1951 1653 2000 et
1683 1948 1905 2000 vulnera
1935 1960 1977 1993 2⁵

195 2020 250 2069 et
280 2018 471 2071 acerba
508 2019 699 2072 funera
730 2018 1071 2072 ascriberet?'
1125 2039 1238 2075 non
1268 2025 1449 2091 potest
1472 2022 1666 2074 artifex
1695 2023 1903 2073 mutare

194 2091 496 2145 materiam:
534 2093 639 2147 hoc
676 2111 835 2162 passa
873 2095 967 2146 881.
1045 2096 1303 2162 quaedam
1345 2096 1579 2165 separari
1618 2115 1649 2148 a
1687 2093 1902 2163 quibus-

195 2165 318 2218 dam
356 2183 469 2218 non
506 2171 758 2238 possunt,
797 2167 1106 2236 cohaerent,
1143 2170 1420 2223 individua
1451 2174 1590 2224 sunt.
1647 2166 1902 2248 languida

194 2240 411 2311 ingenia
450 2243 504 2293 et
541 2241 599 2294 in
637 2259 887 2296 somnum
926 2242 1068 2294 itura
1106 2247 1199 2296 aut
1237 2245 1294 2297 in
1331 2245 1572 2315 vigiliam
1606 2258 1794 2296 somno
1835 2257 1901 2291 81-

195 2315 478 2368 11111111113111
528 2315 791 2370 inertibus
841 2319 1132 2370 nectuntur
1181 2319 1481 2388 elementis;
1532 2321 1594 2370 ut
1636 2314 1902 2368 efficiatur
1932 2330 1975 2363 30

344 2431 374 2476 5
404 2433 542 2477 verba
573 2431 694 2476 nihil
726 2447 868 2491 cogor
892 2468 1050 2478 .....
1082 2433 1133 2477 111
1166 2437 1407 2480 aeternam
1439 2435 1568 2479 dicta
1599 2432 1703 2488 lege
1736 2429 1899 2474 decur-

196 2503 297 2534 rere
339 2491 534 2537 Senecae
577 2506 689 2547 8838,
731 2507 827 2538 ‘non
868 2494 1096 2538 Demetrii
1128 2496 1346 2550 probavit
1386 2495 1521 2540 Gertz
1564 2491 1580 2550 ΙΙ
1630 2491 1653 2534 7
1693 2490 1795 2533 fata
1830 2488 1900 2533 Α8

195 2547 326 2593 facta
349 2551 419 2594 A¹
462 2552 467 2610 l
519 2551 549 2597 8
581 2554 730 2597 188131
761 2563 790 2596 ς
819 2554 1000 2610 prestat
1024 2551 1094 2597 A¹
1124 2567 1238 2600 corr.
1263 2557 1317 2599 in
1347 2555 1493 2599 restet
1516 2551 1585 2596 A5
1621 2550 1638 2609 ΙΙ
1678 2549 1708 2593 9
1739 2561 1821 2592 013
1852 2548 1898 2616 A

196 2622 310 2653 corr.
334 2610 450 2667 voly.
484 2610 490 2669 Ι
513 2611 572 2656 14
596 2612 848 2669 distinguit
863 2614 909 2658 A
932 2613 948 2672 Η
971 2611 1029 2656 16
1052 2613 1179 2668 parti
1200 2616 1368 2672 scripsi
1389 2611 1547 2670 parati
1562 2610 1608 2655 A
1637 2608 1898 2676 comp-aran

198 2669 517 2714 Hammelrath
553 2670 569 2730 ΙΙ
611 2671 671 2716 22
702 2671 787 2716 illa
811 2673 857 2717 A
889 2687 1002 2717 corr.
1028 2672 1141 2729 voly.
1180 2672 1197 2731 ΙΙ
1238 2674 1298 2718 25
1328 2673 1418 2717 fati
1448 2670 1541 2714 fuit
1577 2670 1632 2712 ut
1671 2667 1806 2712 1101118
1829 2667 1899 2712 A¹

196 2729 248 2772 in
285 2741 377 2773 ras.
408 2735 594 2784 praeter
626 2732 803 2777 litteras
837 2731 909 2776 fat
939 2738 982 2777 et
1011 2730 1084 2774 nis
1122 2732 1137 2789 Η
1178 2731 1236 2777 27
1276 2733 1366 2777 hoc
1396 2742 1536 2787 passa
1568 2729 1640 2772 est
1662 2728 1708 2772 A
1741 2740 1898 2771 crassa

197 2788 270 2831 est
308 2787 410 2843 (del.
435 2787 542 2842 hoc)
577 2789 825 2836 Gloeckner
874 2791 1121 2848 compacta
1160 2793 1231 2836 est
1262 2793 1468 2837 Karsten
1514 2801 1635 2844 quae
1673 2787 1770 2831 iam
1808 2787 1898 2831 hoc

195 2860 336 2902 passa
370 2848 440 2891 est
467 2847 602 2894 Gertz
633 2850 685 2893 in
716 2851 820 2895 edit.
849 2855 962 2895 1889
993 2850 1009 2909 Η
1038 2849 1099 2894 30
1129 2853 1380 2896 nectuntur
1402 2850 1448 2894 A
1473 2849 1554 2905 (1111
1577 2848 1629 2892 in
1652 2861 1742 2893 ras.
1768 2862 1824 2892 m.
1853 2850 1895 2903 1)
