2028 3106
193 46 301 101 328
522 42 574 87 L.
599 40 835 85 ANNAEI
866 40 1140 86 SENECAE
1172 40 1330 87 DIAL.
1355 40 1468 86 LIB.
1492 39 1571 85 XI.

192 165 331 220 ficiis
372 162 658 234 imperium
697 163 1032 217 custodiatur
1070 180 1231 232 quam
1263 163 1449 233 armis,
1486 162 1582 217 illo
1614 163 1772 217 rebus
1803 165 1899 219 hu-

130 306 132 309 f
193 239 368 292 manis
414 237 746 308 praesidente
793 256 906 291 non
956 240 1038 291 est
1082 236 1405 307 periculum,
1452 256 1521 292 ne
1561 237 1691 308 quid
1728 239 1900 307 perdi-

193 313 335 367 disse
386 315 440 366 te
486 312 706 382 sentias3
766 313 824 365 in
869 312 975 365 hoc
1018 329 1127 364 uno
1174 311 1274 364 tibi
1331 313 1458 366 satis
1513 311 1769 383 praesidi,
1820 331 1900 366 so-

150 444 154 452 ,
193 387 299 440 laci
350 389 444 440 est.
528 387 714 441 attolle
753 390 808 440 te
847 389 923 454 et,
973 385 1222 455 quotiens
1261 384 1511 440 lacrimae
1550 386 1902 442 suboriuntur

196 460 368 515 oculis
422 461 556 531 tuis,
607 461 808 516 totiens
862 460 985 514 illos
1040 460 1099 512 in
1149 457 1424 514 Caesarem
1480 461 1686 534 derige:
1739 461 1901 516 sicca·
1957 479 1976 512 5

194 536 397 589 buntur
433 537 655 590 maximi
693 539 748 589 et
786 533 1070 589 clarissimi
1101 537 1395 604 conspectu
1424 537 1683 607 numinis3
1721 536 1904 608 fulgor

148 655 157 677 ..-
196 611 308 664 eius
347 611 496 678 illos,
535 614 596 664 ut
635 609 774 664 nihil
813 609 960 662 aliud
999 609 1212 679 possint
1249 607 1509 679 aspicere,
1545 612 1904 683 praestringet

47 690 52 698 ’
197 689 249 739 et
287 685 344 739 in
382 704 438 740 se
477 675 1070 739 ὴὲθῗέἠῖἓέᾶόῐίᾗέὴῆ.
1147 683 1238 737 hic
1267 683 1393 752 tibi,
1432 701 1591 753 quem
1621 689 1683 740 tu
1715 686 1902 740 diebus

196 760 420 815 intueris
470 778 533 814 ac
570 758 845 829 noctibus,
891 778 922 812 a
962 777 1068 829 quo
1108 775 1406 828 numquam
1447 759 1607 814 deicis
1647 761 1903 830 animum,

196 835 514 907 cogitandus
558 837 660 903 est,
707 834 798 888 hic
837 837 1026 888 contra
1060 833 1335 910 fortunam
1374 832 1727 889 advocandus.
1803 854 1904 890 nec
1936 851 1979 884 ιο

195 909 411 979 dubito,
458 927 581 964 cum
628 912 780 963 tanta
826 909 908 963 illi
955 908 1208 962 adversus
1256 926 1442 963 omnes
1483 926 1609 962 suos
1649 909 1719 963 sit
1756 929 1904 965 man-

196 984 422 1039 suetudo
463 987 720 1053 tantaque
759 983 1124 1055 indulgentia,
1163 983 1295 1053 quin
1333 983 1441 1036 iam
1473 982 1659 1037 multis
1690 985 1903 1040 solaciis

193 1062 349 1112 tuum
397 1058 542 1112 istud
580 1059 776 1112 vulnus
816 1057 1126 1127 obduxerit,
1170 1058 1276 1111 iam
1317 1058 1510 1126 multa,
1558 1075 1694 1127 quae
1732 1059 1906 1113 dolori

116 1151 122 1158 ‘⁴
195 1133 472 1187 obstarent
502 1136 616 1203 tu0,
646 1133 989 1205 congesserit.
1053 1131 1182 1201 quid
1205 1132 1404 1202 porro?
1465 1135 1528 1186 ut
1550 1131 1689 1185 nihil
1711 1133 1904 1187 horum

195 1207 404 1277 fecerit,
443 1225 622 1262 nonne
660 1204 910 1278 protinus
950 1206 1066 1275 ipse
1106 1210 1425 1277 conspectus
1457 1225 1554 1277 per
1585 1225 1642 1261 se
1672 1210 1906 1274 tantumf
1938 1222 1980 1256 15

123 1327 127 1349 ζ
196 1280 356 1335 1110ᾶο
412 1283 789 1354 cogitatusque
842 1279 1035 1335 Caesar
1088 1282 1321 1336 maximo
1378 1282 1579 1340 solacio
1634 1281 1735 1336 tibi
1790 1282 1908 1336 est?

198 1356 271 1410 dii
311 1356 467 1410 illum
507 1357 741 1427 deaeque
772 1355 928 1409 terris
961 1355 1053 1408 diu
1085 1357 1448 1411 commodent!
1525 1360 1645 1411 acta
1675 1356 1765 1411 hic
1796 1355 1907 1410 divi

196 1429 433 1503 Augusti
480 1436 695 1502 aequet,
742 1447 912 1485 annos
959 1431 1162 1484 vincat!
1242 1449 1403 1500 quam
1450 1431 1544 1485 diu
1589 1431 1731 1486 inter
1768 1449 1907 1486 mor-

194 1506 328 1560 tales
385 1506 511 1576 erit,
562 1506 701 1560 nihil
755 1523 822 1559 ex
876 1504 1034 1558 domo
1091 1524 1187 1560 sua
1241 1506 1466 1560 mortale
1520 1524 1634 1561 esse
1688 1506 1907 1561 sentiat!

195 1584 459 1636 rectorem
499 1580 746 1635 Romano
795 1579 1020 1649 imperio
1068 1580 1242 1633 filium
1288 1581 1454 1651 longa
1499 1581 1606 1635 fide
1645 1582 1908 1651 approbet
1939 1596 1982 1629 20

196 1658 249 1709 et
288 1659 413 1710 ante
452 1655 587 1709 illud
626 1657 930 1710 consortem
969 1655 1137 1724 patris
1178 1672 1340 1724 quam
1376 1672 1736 1709 successorem
1769 1655 1906 1725 aspi-

197 1729 325 1783 ciat!
404 1748 523 1784 sera
568 1733 623 1783 et
668 1728 958 1799 nepotibus
1005 1729 1220 1783 demum
1260 1729 1460 1783 nostris
1500 1729 1612 1782 dies
1651 1731 1782 1783 nota
1820 1729 1907 1798 sit,

198 1821 303 1874 qua
342 1803 498 1857 illum
540 1821 670 1875 gens
711 1822 808 1857 sua
846 1803 992 1857 caelo
1033 1804 1254 1859 asserat!

422 1971 429 1979 .
479 1957 483 1959 -
517 1955 527 1984 ς
553 1929 601 1982 ..es
627 1983 634 1989 ‚

348 2024 378 2069 2
419 2023 722 2083 praesidente
758 2025 987 2071 Erasmus
1026 2031 1068 2071 et
1098 2027 1145 2071 Β
1183 2040 1240 2071 m.
1272 2027 1304 2070 2
1345 2025 1398 2069 in
1435 2037 1579 2083 mary.
1622 2024 1838 2081 praeside
1872 2025 1911 2071 0

197 2085 405 2141 presidie
423 2085 475 2129 Ε
498 2085 503 2145 Ι
533 2098 628 2129 11011
644 2084 747 2129 DE
768 2097 854 2128 nec
871 2085 1027 2130 BHG
1049 2086 1066 2144 Η
1087 2085 1118 2131 3
1139 2083 1364 2142 praesidi,
1382 2083 1528 2128 solaci
1543 2085 1708 2141 scripsi
1730 2084 1908 2142 presidi

198 2143 359 2188 solatii
391 2145 430 2191 Ο
469 2145 548 2190 sed
587 2143 704 2188 satis
744 2149 849 2189 ante
888 2145 1047 2189 solatii
1085 2146 1194 2190 add.
1225 2146 1279 2189 in
1302 2145 1348 2189 Β
1378 2158 1435 2188 m.
1460 2147 1491 2189 2
1528 2145 1579 2188 in
1614 2158 1755 2202 mary.
1788 2144 1910 2201 quod

197 2203 326 2261 volgo
355 2205 580 2261 recipitur
601 2204 618 2264 ΙΙ
647 2203 678 2248 5
702 2202 855 2261 dirige
877 2205 916 2249 C
945 2204 1152 2264 dirigere
1170 2205 1222 2250 D
1245 2217 1359 2249 corr.
1387 2203 1524 2249 Gertz
1544 2203 1561 2262 ΙΙ
1591 2202 1622 2247 6
1643 2204 1848 2248 numinis
1874 2203 1913 2249 0

201 2262 423 2307 minimus
457 2263 501 2308 G
539 2263 582 2310 'et
619 2269 672 2309 ut
705 2263 798 2308 vid.
832 2264 890 2307 H
920 2262 1111 2308 luminis
1146 2264 1316 2310 Gruter
1347 2268 1390 2308 et
1420 2263 1614 2319 Lipsius
1653 2263 1670 2323 ΙΙ
1712 2262 1771 2308 13
1812 2262 1911 2307 iam

198 2320 352 2366 multa
376 2322 605 2369 Schultess
634 2338 730 2369 non
753 2322 905 2367 multa
933 2324 971 2367 Ο
999 2323 1152 2368 multa
1170 2324 1330 2368 Haase
1353 2322 1534 2367 monita
1557 2322 1709 2367 multa
1734 2323 1873 2368 Gertz
1894 2321 1911 2380 ΙΙ

199 2381 256 2427 17
291 2380 361 2425 dii
384 2381 492 2425 ΒΗ
531 2382 536 2440 Ι
579 2389 684 2440 post
726 2383 907 2439 deeque
942 2382 988 2427 Β
1026 2385 1079 2428 in
1112 2396 1257 2440 mary.
1291 2395 1450 2427 omnes
1481 2383 1634 2438 habet,
1665 2388 1719 2428 ut
1747 2382 1864 2440 volq.
1902 2384 1907 2438 Ι

201 2439 502 2487 commodent
530 2456 653 2487 unus
686 2443 877 2488 Gruteri
907 2446 950 2487 et
972 2443 1017 2486 Β
1048 2446 1081 2488 2
1110 2457 1168 2487 m.
1202 2442 1531 2487 commendent
1561 2443 1600 2489 Ο
1633 2444 1637 2501 Ι
1682 2443 1791 2487 acta
1824 2476 1834 2485 .
1862 2475 1870 2483 .
1900 2475 1908 2486 .

198 2501 364 2546 uincat
402 2500 532 2545 codd.
572 2501 758 2547 Gruteri
797 2508 839 2548 et
876 2502 939 2547 N.
966 2502 1119 2548 Fabri
1160 2503 1269 2546 acta
1307 2501 1385 2546 hic
1425 2501 1526 2546 diui
1565 2502 1784 2560 augustie
1820 2512 1911 2556 que

200 2562 299 2605 tam
343 2573 428 2605 nos
470 2558 637 2604 uincat
671 2562 717 2605 Β
759 2560 970 2619 (augusti
1013 2563 1185 2618 aequet
1229 2575 1375 2606 annos
1418 2576 1474 2607 m.
1507 2565 1538 2606 2
1573 2564 1627 2607 in
1664 2560 1828 2618 mary.)
1871 2564 1913 2604 et

201 2621 354 2666 eadem
384 2621 482 2676 fere
507 2620 565 2664 H
570 2619 669 2664 GV
692 2622 740 2664 et
763 2621 943 2666 facient
963 2622 1019 2666 ut
1034 2621 1083 2666 D
1116 2623 1165 2666 et
1186 2615 1336 2665 faciat
1357 2622 1412 2665 ut
1429 2622 1479 2665 E
1506 2622 1522 2681 ΙΙ
1552 2621 1612 2666 20
1634 2621 1847 2665 Romano
1865 2619 1911 2663 Β

201 2678 406 2725 humano
433 2680 473 2726 0
498 2678 516 2739 ΙΙ
546 2677 604 2723 21
630 2678 749 2723 illud
772 2681 999 2726 Schultess
1029 2679 1164 2725 illum
1192 2682 1230 2726 O
1257 2681 1262 2739 Ι
1292 2680 1495 2737 aspiciat
1517 2682 1622 2726 BV
1645 2678 1851 2734 accipiat
1875 2678 1914 2724 Ο

204 2737 338 2783 illum
364 2774 374 2783 .
402 2776 410 2784 .
439 2775 448 2784 .
475 2738 764 2796 aspiciamus
789 2740 927 2785 Gertz
957 2739 1092 2785 illum
1118 2777 1127 2786 .
1155 2775 1165 2785 .
1192 2775 1202 2785 .
1230 2740 1436 2796 accipiat
1459 2741 1574 2799 voly.
1598 2739 1615 2797 ΙΙ
1637 2738 1698 2783 22
1722 2737 1908 2783 demum

203 2810 325 2843 unus
359 2799 550 2845 Gruteri
581 2803 624 2844 et
653 2799 766 2856 voly.
800 2799 970 2844 deinde
1002 2800 1147 2858 (dein)
1184 2800 1222 2844 O
1258 2801 1274 2859 Η
1316 2799 1375 2844 23
1414 2814 1508 2857 qua
1538 2799 1654 2857 voly.
1688 2811 1828 2854 quam
1863 2799 1910 2843 Β

209 2869 350 2911 quam
382 2859 420 2903 G
449 2872 590 2915 quom
626 2857 762 2903 Gertz
797 2858 802 2916 Ι
841 2861 1020 2904 asserat
1045 2861 1091 2905 Β
1123 2858 1292 2903 afferat
1324 2860 1363 2904 C
