2034 3086
212 59 286 114 50
541 59 592 103 L.
616 58 853 103 ANNAEI
884 58 1161 104 SENECAE
1192 59 1350 105 DIAL.
1376 60 1488 105 LIB.
1513 61 1593 107 111.

212 181 411 234 summi
448 181 682 235 hominis
728 199 940 251 sperare
985 200 1098 235 non
1119 180 1330 252 'possitz
1378 183 1446 236 ad
1482 185 1786 239 nocendum
1823 203 1917 255 po-

152 273 179 312 3
210 258 385 309 tentes
425 274 622 310 sumus.
680 254 988 311 Aristotelis
1028 256 1203 311 finitio
1240 275 1352 311 non
1394 259 1626 312 multum
1665 278 1698 313 a
1733 263 1918 315 nostra

213 330 385 384 abest:
420 331 496 384 ait
525 331 667 383 enim
697 331 834 384 iram
858 351 972 386 esse
996 331 1345 401 cupiditatem
1378 333 1579 387 doloris
1608 335 1916 404 reponendi.

214 405 345 475 quid
390 405 529 458 inter
564 408 807 459 nostram
846 410 900 460 et
936 407 1076 459 hanc
1113 406 1414 461 finitionem
1453 408 1687 478 intersit,
1725 410 1918 480 exequi

210 480 437 551 longum
475 482 568 533 est.
647 484 835 534 contra
880 484 1163 550 utramque
1214 482 1410 536 dicitur
1447 483 1586 537 feras
1618 484 1783 538 'irasci
1818 502 1918 538 nec

212 554 408 608 iniuria
444 554 688 609 inritatas
726 574 826 609 nec
856 574 1059 625 poenae
1090 555 1358 611 dolorisve
1389 557 1550 611 alieni
1581 576 1762 628 causa3
1790 578 1917 612 nam

153 646 183 687 4
213 630 374 683 etiam
413 629 459 682 si
496 629 630 683 haec
660 629 926 699 efficiunt,
961 649 1073 683 non
1103 631 1236 685 haec
1258 635 1462 701 petimt.
1518 633 1611 686 sed
1634 633 1917 687 dicendum

211 706 295 758 est
330 703 470 758 feras
502 703 583 757 ira
613 722 790 758 carere
822 709 876 759 et
899 705 1081 759 omnia
1103 706 1367 760 animalia
1388 710 1600 776 praeter
1620 708 1918 777 hominem3

210 796 337 832 nam
375 796 500 832 cum
540 779 612 833 sit
648 779 868 834 inimica
897 780 1120 849 rationi,
1156 799 1423 851 nusquam
1454 784 1637 836 tamen
1665 783 1918 852 nascitur,

210 852 318 907 nisi
348 853 444 907 ubi
472 854 671 907 rationi
700 855 853 909 locus
877 858 970 910 est.
1024 855 1259 925 impetus
1282 857 1482 910 habent
1503 856 1671 927 ferae,
1699 858 1918 927 rabiem,

211 928 503 998 feritatem,
555 929 853 1000 incursum3
905 930 1042 983 iram
1097 931 1314 1000 quidem
1366 949 1478 985 non
1530 933 1704 1004 magis
1755 951 1917 1003 quam

210 1004 503 1073 luxuriam,
557 1007 612 1057 et
664 1005 721 1057 in
768 1005 1026 1074 quasdam
1064 1006 1370 1076 voluptates
1419 1007 1917 1077 intemperantiores

155 1095 182 1136 5
212 1079 430 1132 homine
470 1082 606 1133 sunt.
683 1097 795 1133 non
834 1083 916 1134 est
954 1080 1099 1150 quod
1139 1081 1323 1135 credas
1362 1082 1445 1135 illi
1484 1082 1578 1152 qui
1617 1082 1770 1137 dicit:

480 1194 575 1225 non
605 1194 721 1238 aper
750 1182 892 1226 irasci
922 1182 1158 1240 meminit,
1191 1197 1287 1229 non
1316 1183 1460 1229 fidere
1491 1198 1629 1229 cursu

481 1254 618 1286 cerva
648 1255 736 1287 nec
767 1242 993 1287 armentis
1023 1243 1271 1289 incurrere·
1290 1242 1493 1289 fortibus
1522 1244 1635 1289 ursi.

212 1332 373 1387 irasci
412 1332 545 1387 dicit
582 1333 819 1403 incitari,
864 1334 1099 1406 inpingi3
1145 1336 1304 1390 irasci
1343 1336 1559 1406 quidem
1596 1354 1708 1390 non
1745 1337 1918 1408 magis

155 1424 182 1465 6
213 1407 390 1462 sciunt
427 1426 589 1477 quam
628 1409 917 1479 ignoscere.
995 1413 1146 1463 muta
1187 1410 1441 1465 animalia
1478 1411 1726 1466 humanis
1765 1411 1919 1465 affec-

210 1482 355 1536 tibus
406 1486 611 1552 carent,
659 1484 859 1537 habent
907 1488 1086 1538 autem
1139 1486 1339 1540 similes
1392 1486 1500 1540 illis
1541 1486 1801 1555 quosdam
1840 1486 1919 1539 in·

211 1558 420 1628 pulsus:
462 1558 703 1628 alioquin
742 1559 788 1612 si
827 1567 978 1613 amor
1016 1560 1073 1613 in
1111 1560 1220 1614 illis
1260 1563 1398 1615 esset
1436 1563 1490 1614 et
1528 1561 1735 1630 odium,
1779 1563 1919 1615 esset

212 1631 450 1686 amicitia
498 1636 552 1686 et
602 1634 871 1703 simultas,
919 1635 1179 1689 dissensio
1231 1639 1286 1689 et
1330 1636 1636 1706 concordia3
1687 1654 1917 1706 quorum

214 1707 395 1777 aliqua
431 1707 489 1760 in
526 1708 635 1762 illis
684 1727 897 1779 quoque
943 1713 1128 1763 extant
1164 1711 1414 1782 vestigia,
1459 1713 1694 1764 ceterum
1733 1711 1918 1764 huma-

157 1798 183 1838 7
212 1800 407 1835 norum
459 1786 738 1852 pectorum
792 1785 1012 1854 propria
1063 1785 1207 1838 bona
1258 1786 1504 1855 malaque
1559 1789 1697 1839 sunt.
1780 1786 1918 1839 nulli

211 1857 319 1911 nisi
367 1857 575 1910 homini
625 1876 877 1912 concessa
915 1859 1199 1929 prudentia
1243 1863 1347 1929 est,
1395 1860 1756 1930 providentia,
1800 1860 1918 1914 dili-

214 1932 417 2003 gentia,
467 1932 747 2003 cogitati0‚
794 1952 894 1987 nec
939 1937 1149 1987 tantum
1187 1935 1475 1990 virtutibus
1521 1935 1770 1990 humanis
1808 1935 1918 1988 ani-

213 2007 378 2060 malia
415 2007 507 2061 sed
545 2008 706 2061 etiam
745 2009 892 2063 vitiis
931 2009 1202 2078 prohibita
1241 2013 1377 2064 sunt.
1455 2012 1571 2063 tota
1607 2011 1825 2063 illorum
1856 2013 1919 2063 ut

213 2084 365 2134 extra
413 2082 490 2134 ita
538 2082 679 2135 intra
715 2082 892 2136 forma
936 2084 1200 2138 humanae
1246 2084 1522 2139 dissimilis
1561 2088 1664 2154 est3
1708 2085 1917 2156 regium

214 2159 296 2210 est
333 2156 468 2209 illud
507 2159 561 2210 et
597 2158 895 2227 principale
934 2159 1088 2212 aliter
1126 2159 1359 2213 ductum.
1437 2163 1498 2212 ut
1535 2177 1640 2213 vox
1683 2162 1765 2214 est
1803 2160 1918 2229 qui-

214 2230 356 2299 dem,
411 2231 502 2285 sed
554 2250 666 2285 non
711 2233 1063 2302 explanabilis
1113 2238 1166 2288 et
1203 2235 1513 2304 perturbata
1550 2238 1604 2288 et
1632 2235 1917 2287 verborum

215 2306 485 2375 inefficaX,
523 2309 586 2359 ut
620 2308 830 2378 lingua,
877 2308 969 2362 sed
1008 2309 1254 2363 devincta
1290 2328 1390 2363 nec
1428 2310 1485 2362 in
1522 2311 1700 2364 motus
1738 2309 1916 2363 varios

363 2437 393 2482 2
416 2438 684 2484 Aristoteles
706 2439 762 2484 de
785 2442 947 2485 anima
961 2454 1012 2497 p.
1027 2443 1115 2486 403
1124 2455 1168 2496 a,
1185 2444 1245 2486 30
1266 2441 1283 2501 Η
1305 2439 1365 2486 14
1385 2441 1512 2486 Ovid.
1528 2446 1629 2486 met.
1643 2442 1746 2487 VII
1754 2443 1914 2498 545sq.

364 2526 394 2571 2
424 2527 574 2572 finitio
599 2529 646 2573 A
677 2528 891 2574 definitio
924 2541 952 2574 ς
982 2535 1026 2575 et
1047 2531 1264 2576 Lactant.
1295 2530 1312 2590 ΙΙ
1340 2530 1370 2575 3
1393 2530 1652 2588 reponendi
1674 2531 1721 2576 A
1752 2543 1916 2587 repen-

217 2586 361 2631 dendi
384 2587 515 2632 Lact.
538 2587 554 2647 Η
576 2587 606 2632 6
627 2588 843 2634 irritatas
866 2590 938 2635 A⁵
965 2590 970 2650 Ι
999 2604 1143 2635 causa
1165 2592 1212 2636 A
1236 2591 1407 2636 lineola
1427 2605 1573 2648 supra
1594 2591 1677 2637 ult.
1703 2604 1733 2635 a
1762 2604 1875 2636 eras.
1899 2589 1916 2649 Η

215 2646 245 2691 8
288 2647 516 2693 animalia
556 2648 662 2693 add.
702 2650 877 2695 Vahlen
924 2649 942 2710 Η
986 2650 1044 2694 12
1084 2650 1355 2708 uoluptates
1389 2651 1470 2696 Ls
1509 2650 1781 2696 uoluntates
1811 2651 1858 2695 A
1898 2656 1916 2701 ΙΙ

215 2705 275 2751 13
305 2706 495 2751 1101111110
518 2708 598 2753 ,Ες
627 2708 841 2753 homines
865 2711 911 2754 A
949 2709 966 2769 Η
1004 2710 1060 2755 17
1092 2712 1226 2755 muta
1256 2724 1367 2756 corr.
1394 2725 1450 2756 ex
1478 2710 1631 2755 multa
1654 2712 1701 2756 A
1740 2711 1746 2770 Ι
1783 2709 1842 2754 19
1874 2709 1915 2753 si

218 2779 348 2811 amor
377 2766 524 2811 inillis
556 2770 688 2813 esset.
733 2770 782 2813 et
812 2769 974 2813 odium
1006 2772 1140 2815 esset.
1186 2771 1226 2814 si
1257 2771 1481 2815 amicitia.
1527 2772 1575 2815 et
1606 2770 1693 2814 sim
1745 2771 1832 2814 tas.
1874 2769 1915 2813 si

217 2825 457 2871 dissensio.
492 2828 540 2871 et
571 2828 819 2872 concordia
843 2830 944 2874 AL
975 2843 1088 2875 corr.
1116 2831 1312 2888 Made-iq
1347 2830 1364 2890 ΙΙ
1401 2830 1462 2875 26
1491 2830 1674 2888 regium
1690 2831 1775 2875 ‹est
1798 2829 1843 2875 L
1873 2834 1916 2874 et

216 2886 304 2930 aziz·
333 2896 361 2930 ς
391 2889 628 2944 regumest
650 2888 695 2932 A
727 2888 742 2947 ΙΙ
770 2887 827 2933 27
859 2891 914 2933 ut
938 2889 1008 2934 A⁸
1037 2891 1089 2935 in
1119 2904 1210 2935 ras.

1950 880 1992 913 10

1951 1263 1992 1297 15

1949 1660 1994 1694 2⁰

1949 2035 1992 2068 25
