2028 3106
554 94 638 139 AD
670 93 964 139 SERENVM
994 93 1076 137 DE
1108 90 1249 138 OTIO
1282 89 1411 135 GAP.
1438 97 1463 136 5
1745 92 1852 146 237

159 222 269 271 tem
308 217 464 289 signa
500 214 793 285 perducens
831 215 1038 268 nullam
1074 231 1185 267 non
1222 214 1430 282 partem
1469 215 1551 267 sui
1587 212 1857 284 explicuit,

159 296 222 346 ut
270 311 367 362 per
413 291 570 359 haec,
616 307 751 359 quae
797 289 1067 359 optulerat
1115 286 1284 342 oculis
1325 286 1437 339 eius
1447 327 1463 355 ,
1510 288 1858 358 cupiditatem

159 368 359 421 faceret
408 364 570 418 etiam
620 366 930 418 ceterorum.
1008 379 1108 415 nec
1153 361 1296 416 enim
1343 361 1522 414 omnia
1565 381 1664 417 nec
1708 364 1860 415 tanta

160 441 383 494 visimus
432 440 633 507 quanta
669 442 818 507 sunt,
867 437 959 491 sed
1005 435 1144 490 acies
1188 438 1374 490 nostra
1420 436 1588 504 aperit
1633 437 1737 491 sibi
1781 436 1859 489 in·

109 534 128 567 5
159 513 461 584 vestigandi
499 512 640 566 viam
679 515 732 566 et
769 512 1118 566 fundamenta
1146 528 1271 564 vero
1303 508 1453 578 iacit,
1491 514 1552 562 ut
1581 510 1859 581 inquisitio

160 590 401 642 transeat
443 606 509 640 ex
546 587 743 657 apertis
783 587 841 640 in
891 586 1117 640 obscura
1165 588 1219 639 et
1257 584 1463 654 aliquid
1501 584 1619 653 ipso
1647 585 1859 655 ‘mundo

160 663 400 716 inveniat
455 662 751 732 antiquius:
819 661 961 715 unde
1021 660 1126 713 ista
1197 659 1372 714 sidera
1433 658 1679 730 exierint3
1740 659 1860 730 quis

160 736 324 790 fuerit
391 737 626 790 universi
694 739 888 804 status,
958 738 1246 804 antequam
1307 734 1520 805 singula
1573 734 1630 786 in
1682 737 1860 804 partes

162 811 516 881 discederent3
574 830 710 881 quae
770 810 908 863 ratio
966 827 1141 863 mersa
1193 812 1247 863 et
1299 809 1524 863 confusa
1573 808 1862 876 diduxerit3

88 905 131 938 ιο
163 885 282 956 quis
341 886 464 940 loca
521 886 682 939 rebus
743 883 1127 954 adsignaverit,
1186 887 1374 953 suapte
1432 886 1625 937 natura
1678 882 1863 954 gravia

161 960 551 1029 descenderint,
597 958 927 1013 evolaverint
963 958 1122 1028 levia,
1160 977 1231 1012 an
1266 961 1478 1027 praeter
1514 957 1692 1011 nisum
1731 974 1862 1027 pon-

161 1035 366 1104 dusque
397 1052 683 1103 corporum
709 1032 869 1086 altior
892 1031 1072 1101 aliqua
1093 1033 1175 1086 vis
1197 1033 1374 1104 legem
1397 1032 1623 1103 singulis
1648 1030 1863 1099 dixerit3

161 1127 232 1162 an
291 1109 426 1162 illud
478 1126 664 1162 verum
720 1107 813 1175 sit,
866 1124 972 1176 quo
1026 1107 1255 1161 maxime
1307 1108 1567 1176 probatur
1618 1106 1862 1160 homines

162 1182 331 1236 divini
361 1200 476 1237 esse
507 1181 751 1251 spiritus,
784 1184 991 1249 partem
1024 1200 1086 1236 ac
1118 1181 1284 1236 veluti
1315 1181 1574 1234 scintillas
1607 1181 1863 1250 quasdam

89 1275 130 1307 ιε
162 1260 428 1310 astrorum
459 1256 518 1308 in
547 1260 745 1308 terram
778 1255 1055 1309 desiluisse
1086 1259 1247 1325 atque
1271 1255 1446 1308 alieno
1469 1256 1590 1308 loco
1614 1255 1862 1309 haesisse.

163 1330 420 1402 cogitatio
470 1332 656 1383 nostra
706 1330 838 1383 caeli
885 1330 1215 1384 munimenta
1258 1329 1559 1400 perrumpit
1602 1348 1702 1384 nec
1740 1347 1864 1383 con-

162 1408 312 1458 tenta
369 1406 452 1457 est
506 1403 584 1472 id,
644 1404 787 1472 quod
846 1405 1168 1474 ostenditur,
1228 1404 1387 1459 scire:
1450 1403 1633 1456 ‘illud'
1686 1403 1865 1474 inquit

164 1479 418 1547 ‘scrutor,
459 1478 603 1547 quod
641 1479 784 1531 ultra
822 1478 1081 1532 mundum
1119 1480 1280 1549 iacet,
1317 1482 1567 1532 utrumne
1597 1478 1864 1547 profunda

163 1553 384 1607 vastitas
440 1553 512 1606 sit
557 1571 627 1605 an
672 1555 726 1606 et
775 1553 879 1606 hoc
923 1553 1102 1623 ipsum
1147 1553 1391 1608 terminis
1438 1553 1548 1606 suis
1596 1552 1864 1621 cludatur3

88 1646 132 1679 zo
163 1628 337 1698 qualis
387 1628 460 1681 sit
507 1627 724 1680 habitus
772 1628 1024 1696 exclusis,
1075 1628 1327 1682 informia
1372 1630 1427 1681 et
1473 1626 1696 1680 confusa
1742 1626 1864 1695 sint,

163 1704 221 1756 in
274 1721 488 1757 omnem
541 1705 750 1772 partem
803 1702 1118 1755 tantundem
1170 1703 1278 1757 loci
1325 1701 1647 1773 optinentia‚
1697 1720 1766 1755 an
1811 1704 1865 1755 et

163 1778 257 1831 illa
294 1778 352 1831 in
390 1778 625 1847 aliquem
665 1777 871 1831 cultum
912 1776 1168 1846 discripta
1206 1777 1336 1847 sint3
1381 1776 1508 1830 huic
1547 1775 1866 1830 cohaereant

164 1851 388 1920 mundo,
437 1871 507 1905 an
558 1852 720 1923 longe
771 1850 838 1904 ab
888 1850 993 1904 hoc
1032 1851 1344 1906 secesserint
1382 1854 1435 1905 et
1472 1850 1562 1905 hic
1599 1851 1657 1904 in
1694 1869 1863 1905 vacuo

164 1927 496 1996 volutentur3
556 1926 834 1980 individua
896 1925 1024 1993 sint,
1087 1943 1183 1995 per
1236 1944 1372 1996 quae
1427 1926 1653 1980 struitur
1706 1943 1864 1980 omne

90 2016 133 2049 25
165 2000 310 2069 quod
354 2003 542 2053 natum
587 2001 937 2069 futurumque
983 2002 1086 2068 est,
1132 2018 1202 2053 an
1239 2001 1495 2055 continua
1532 2019 1717 2054 eorum
1756 2018 1865 2053 ma-

164 2074 300 2127 teria
338 2074 410 2128 sit
446 2078 501 2127 et
536 2093 633 2143 per
670 2079 845 2129 totum
879 2073 1176 2143 mutabilis3
1212 2077 1396 2128 utrum
1428 2075 1696 2129 contraria
1726 2074 1867 2127 inter

166 2166 223 2202 se
261 2147 525 2202 elementa
562 2149 694 2219 sint,
731 2169 800 2203 an
837 2167 948 2203 non
978 2151 1223 2219 pugnent
1253 2149 1346 2204 sed
1375 2168 1473 2220 per
1502 2149 1711 2202 diversa
1742 2165 1865 2202 con-

313 2308 340 2354 1
387 2308 648 2366 perducens
694 2324 816 2356 unus
857 2322 886 2356 ς
929 2312 983 2356 in
1023 2323 1156 2368 marq
1214 2310 1474 2366 perducent
1511 2310 1558 2355 A
1603 2311 1865 2367 producens

176 2369 442 2428 Wesenberg
492 2368 509 2428 ΙΙ
560 2368 590 2414 2
637 2369 899 2426 cupiditate
938 2372 985 2416 A
1037 2369 1054 2429 ΙΙ
1105 2368 1136 2414 8
1182 2370 1442 2415 ceterorum
1484 2371 1530 2414 A
1582 2373 1866 2417 secretorum

167 2428 377 2474 Eussner
405 2429 422 2487 ΙΙ
454 2429 479 2474 7
510 2428 760 2474 inueniant
781 2430 828 2475 A
863 2430 869 2488 Ι
905 2430 1061 2475 sidera.
1092 2428 1352 2475 deleverwnt
1375 2430 1536 2475 Haase
1558 2435 1601 2475 et
1625 2431 1823 2490 Madviq
1850 2431 1867 2490 ΙΙ

166 2486 198 2532 9
229 2486 525 2534 discederent
547 2499 575 2533 ς
606 2488 943 2535 descenderent
966 2491 1012 2535 A
1047 2490 1052 2548 Ι
1088 2500 1242 2532 mersa
1265 2489 1311 2534 A
1346 2488 1489 2533 mista
1519 2490 1653 2536 malit
1685 2490 1822 2536 Gertz
1849 2496 1867 2542 ΙΙ

168 2546 225 2591 11
258 2547 411 2592 nisum
437 2549 598 2594 Mmet
626 2548 781 2593 uisum
807 2550 851 2593 A
878 2549 906 2652 11
944 2549 1003 2594 15
1034 2549 1266 2593 astrorum
1289 2549 1484 2605 Lipsius
1514 2563 1751 2595 sacrorum
1774 2550 1821 2595 A
1856 2549 1862 2609 Ι

168 2606 405 2652 resiluisse
435 2609 481 2653 A
524 2622 636 2654 corr.
669 2609 784 2666 volq.
819 2608 835 2667 ΙΙ
906 2608 936 2653 8
969 2608 1097 2653 ultra
1130 2607 1204 2652 vol
1236 2643 1245 2653 .
1281 2607 1408 2652 intra
1441 2610 1487 2654 A
1520 2609 1537 2670 ΙΙ
1574 2609 1634 2655 20
1663 2609 1866 2654 informa

168 2667 215 2712 A
251 2667 256 2723 Ι
293 2666 408 2721 siut,
441 2667 490 2711 in
515 2668 714 2727 Madvig]
744 2667 840 2712 sint
871 2681 932 2713 an
963 2669 1012 2713 in
1037 2668 1083 2713 A
1113 2666 1130 2727 ΙΙ
1250 2665 1329 2712 hic
1359 2669 1480 2725 quod
1501 2670 1629 2729 volyo
1652 2669 1866 2724 abicitur,

170 2726 279 2772 bene
323 2726 528 2782 defendit
573 2728 633 2773 E.
677 2728 873 2773 Thomas
919 2728 1095 2784 (Herm.
1132 2725 1376 2772 XXVIII
1404 2742 1453 2785 p.
1478 2732 1612 2785 283„
1657 2729 1746 2773 alii
1788 2726 1866 2773 hic

169 2791 350 2831 mutant
385 2787 438 2831 in
476 2787 543 2831 sic
580 2788 649 2832 vel
686 2786 784 2832 illic
819 2788 888 2832 vel
918 2788 934 2832 i
970 2801 1043 2842 so,
1082 2785 1309 2833 Schultess
1344 2789 1460 2834 coni.
1501 2788 1637 2833 hiatu
1674 2800 1820 2833 vacuo
1849 2788 1866 2849 ΙΙ

169 2843 230 2889 24
257 2851 359 2902 post
388 2845 634 2891 individua
664 2846 883 2892 excidisse
961 2847 1099 2893 ertsio
1129 2845 1219 2891 vid.
1252 2845 1572 2893 immutabilia
1602 2847 1700 2893 coll.
1726 2847 1864 2908 Πίος.

172 2903 327 2949 Laert.
355 2908 403 2949 X
426 2909 485 2950 54
515 2906 532 2964 ΙΙ
562 2905 620 2951 27
652 2908 834 2963 pugnet
856 2907 901 2951 A
