2034 3086
379 85 463 130 AD
491 84 781 131 MARCIAM
812 84 894 129 DE
927 82 1393 131 CONSOLATIONE
1426 83 1555 130 CAP.
1582 89 1639 130 22
1757 85 1863 141 185

159 208 316 262 nobis
363 226 579 263 sensum
624 209 840 261 nostrae
884 206 1031 261 necis
1078 205 1350 275 auferunt,
1397 223 1612 277 quoque
1650 205 1862 261 facilius

160 284 384 368 obrepat
429 300 598 349 mors,
644 281 745 335 sub
783 281 903 351 ipso
942 282 1085 335 vitae
1122 281 1340 336 nomine
1377 281 1531 335 latet.
1577 281 1862 336 infantiam

158 358 215 411 in
261 376 319 412 se
363 356 597 428 pueritia
633 356 921 426 convertit,
966 356 1254 426 pueritiam
1290 355 1570 426 pubertas,
1614 356 1862 411 iuvenem

158 451 321 486 senex
378 431 615 485 abstulit.
702 430 1033 486 incrementa
1088 430 1230 501 ipsa,
1286 430 1334 485 si
1381 431 1517 485 bene
1568 435 1863 502 computes,

106 523 127 558 ο
157 507 353 561 damna
390 509 529 560 sunt.

304 579 475 634 XXII.
539 579 811 651 Quereris,
839 579 1063 648 Marcia,
1092 597 1205 634 non
1233 582 1346 634 tam
1377 580 1470 634 diu
1501 581 1676 635 filium
1706 584 1863 636 tuum
1896 593 1921 635 1

155 655 354 709 vixisse
405 674 566 725 quam
615 655 920 727 potuisset?
1002 653 1145 708 unde
1194 654 1338 708 enim
1389 654 1494 710 scis
1540 674 1611 710 an
1659 656 1862 711 diutius

155 730 238 784 illi
288 731 583 802 expedierit
630 729 847 784 vivere?
930 748 999 782 an
1048 729 1130 782 ini
1177 727 1280 783 hac
1328 733 1503 784 morte
1554 732 1862 785 consultum

4 830 8 880 j
155 804 262 859 sit?
337 823 664 876 quemquam
709 803 950 859 invenire
995 803 1156 858 hodie
1201 807 1382 875 potes,
1427 805 1580 860 cuius
1625 823 1709 860 res
1748 808 1862 859 tam

82 897 124 930 10
154 880 289 935 bene
327 881 537 951 positae
573 884 697 934 sunt
733 878 1116 949 fundataeque,
1154 882 1218 934 ut
1253 878 1392 933 nihil
1429 880 1511 934 illi
1549 880 1863 950 procedenti

152 959 398 1026 tempore
427 954 728 1008 timendum
759 954 866 1008 sit?
918 954 1106 1008 labant
1134 952 1372 1008 humana
1402 973 1464 1009 ac
1487 955 1666 1009 fluunt
1687 973 1864 1026 neque

151 1031 266 1084 ulla
294 1047 419 1099 pars
450 1029 593 1083 vitae
622 1032 839 1083 nostrae
869 1032 982 1083 tam
1015 1029 1250 1084 obnoxia
1271 1033 1367 1084 aut
1387 1032 1572 1084 tenera
1594 1033 1677 1084 est
1701 1048 1864 1100 quam

154 1122 291 1173 quae
329 1104 564 1158 maxime
593 1105 795 1175 placet,
832 1104 1062 1175 ideoque
1093 1104 1417 1160 felicissimis
1450 1105 1686 1175 optanda
1717 1123 1862 1160 mors

6 1216 9 1250 3
152 1181 254 1247 est,
306 1179 433 1249 quia
481 1179 539 1233 in
583 1183 737 1234 tanta
781 1180 1144 1234 inconstantia
1188 1179 1454 1249 turbaque
1498 1198 1679 1234 rerum
1724 1180 1865 1234 nihil

77 1269 120 1303 ιε,
150 1254 256 1307 nisi
303 1254 449 1324 quod
486 1258 745 1325 praeterit
784 1258 991 1309 certum
1024 1258 1118 1308 est.
1199 1254 1318 1325 quis
1357 1255 1459 1309 tibi
1495 1255 1689 1326 recipit
1725 1255 1861 1310 illud
1894 1266 1921 1306 2

150 1328 231 1383 fili
260 1330 344 1384 tui
373 1330 795 1399 pulcherrimum
828 1346 1023 1399 corpus
1055 1332 1111 1383 et
1140 1347 1351 1383 summa
1372 1330 1594 1399 pudoris
1618 1330 1864 1385 custodia

150 1404 292 1458 inter
328 1405 638 1458 luxuriosae
676 1403 827 1458 urbis
868 1404 1054 1458 oculos
1093 1406 1471 1458 conservatum
1503 1405 1747 1475 potuisse
1777 1408 1863 1459 tot

149 1477 368 1532 morbos
400 1478 476 1532 ita
506 1478 751 1548 evadere,
782 1481 846 1532 ut
868 1477 935 1532 ad
961 1481 1291 1532 senectutem
1314 1478 1580 1533 inlaesum
1602 1479 1864 1550 perferret

148 1552 355 1607 formae
401 1552 600 1608 decus?
675 1554 855 1626 cogita
893 1553 1059 1607 animi
1098 1554 1247 1608 mille
1283 1553 1457 1624 labes3
1501 1572 1676 1624 neque
1716 1554 1862 1608 enim

8 1656 9 1663 κ
75 1642 120 1677 ιο
148 1630 296 1682 recta
332 1628 552 1700 ingenia
590 1629 801 1699 qualem
842 1628 900 1683 in
932 1628 1295 1683 adulescentia
1325 1646 1477 1699 spem
1509 1628 1594 1682 sui
1623 1628 1863 1699 fecerant

149 1720 321 1773 usque
352 1703 411 1757 in
440 1707 771 1759 senectutem
796 1705 1158 1775 pertulerunt,
1193 1703 1286 1758 sed
1308 1703 1606 1758 interversa
1628 1704 1861 1774 plerum-

151 1795 255 1849 que
302 1782 451 1832 sunt:
498 1782 593 1833 aut
637 1797 756 1834 sera
801 1797 973 1850 eoque
1011 1779 1221 1834 foedior
1254 1778 1470 1833 luxuria
1507 1778 1707 1846 invasit
1744 1797 1860 1835 coe-

148 1852 338 1924 pitque
377 1853 728 1908 dehonestare
768 1855 1012 1926 speciosa
1050 1853 1337 1925 principia,
1374 1857 1470 1909 aut
1506 1853 1565 1908 in
1601 1854 1858 1926 popinam

149 1931 500 1999 ventremque
544 1929 929 2000 procubuerunt
964 1930 1069 1983 toti
1107 1947 1423 2000 summaque
1461 1929 1570 1984 illis
1610 1948 1860 1985 curarum

9 2022 11 2050 2
75 2016 119 2050 π
148 2001 277 2072 fuit,
308 2003 439 2074 quid
469 2007 671 2075 essent,
702 2004 831 2075 quid
861 2004 1122 2058 biberent.
1184 2004 1333 2060 adice
1362 2004 1634 2076 incendia,
1660 2005 1860 2075 ruinas,
1891 2014 1918 2055 a

148 2077 433 2162 naufragia
475 2078 935 2150 lacerationesque
973 2078 1305 2134 medicorum
1345 2097 1468 2134 ossa
1504 2079 1642 2133 uvis
1680 2080 1860 2151 legen-

148 2151 286 2206 tium
338 2156 392 2206 et
436 2155 579 2207 totas
626 2153 684 2208 ιιι
728 2155 934 2209 viscera
979 2171 1169 2207 manus
1217 2153 1616 2208 demittentium
1656 2156 1711 2207 et
1747 2172 1860 2208 non

298 2268 328 2313 2
359 2268 471 2315 obre
508 2271 560 2314 at
599 2284 724 2315 mors
765 2269 1190 2327 v01.obreptant.
1237 2282 1362 2316 mors
1392 2270 1441 2316 A
1476 2269 1483 2330 1
1523 2268 1623 2315 late
1653 2271 1700 2317 A
1735 2270 1838 2331 Ιιιι

149 2328 350 2373 fantiam
368 2340 396 2374 ς
419 2329 469 2374 ιιι
491 2331 649 2374 antem
665 2330 807 2388 AF!
880 2331 1114 2389 potuisset
1130 2330 1292 2376 Μυσοί
1311 2330 1524 2388 potuisse
1540 2331 1587 2376 A
1609 2330 1626 2391 ΙΙ
1647 2330 1677 2375 9
1697 2344 1858 2389 quem·

180 2401 290 2433 uam
310 2389 449 2436 Gertz
472 2393 706 2447 quemque
721 2390 768 2435 A
801 2331 808 2449 ΙΙ
831 2345 912 2436 lop
913 2392 1024 2436 sunt
1045 2389 1152 2436 add.
1172 2389 1311 2436 Gertz
1332 2388 1656 2448 funestaeque
1673 2390 1769 2437 sint
1791 2402 1820 2437 ς’
1841 2391 1859 2452 ΙΙ

180 2446 206 2491 1
239 2462 391 2507 neque
421 2448 523 2494 ulla
545 2450 598 2495 F
627 2454 682 2494 ut
718 2452 834 2496 coni.
870 2451 1031 2496 Haase
1068 2448 1283 2506 nequitia
1311 2450 1359 2496 A
1454 2449 1512 2496 17
1542 2451 1754 2508 potuisse
1784 2453 1859 2497 tot

151 2506 285 2552 Koch
313 2509 548 2565 potuisset
576 2510 632 2554 ut
652 2510 699 2555 A
729 2509 746 2569 ΙΙ
782 2509 843 2556 2⁰
872 2508 1297 2555 inadulescentiam
1320 2510 1367 2556 A
1446 2509 1505 2555 21
1538 2523 1724 2570 semper
1752 2517 1859 2558 ante

149 2566 446 2624 pertulerunt
485 2569 820 2675 inserendumF
822 2576 970 2616 censet
1008 2569 1147 2617 Gertz
1186 2567 1204 2629 ΙΙ
1242 2567 1304 2615 22
1345 2570 1596 2641 coepitque
1630 2571 1859 2618 Schultess

150 2638 257 2684 cogi
309 2639 371 2671 ue
402 2629 449 2674 A
474 2629 820 2733 coegitqueF
865 2629 972 2690 124
1009 2627 1361 2699 procubuerunt
1401 2629 1494 2676 toti
1527 2631 1729 2690 Madvig
1768 2643 1855 2689 pro

340 2687 539 2744 proiecti
541 2703 564 2733 s
595 2702 780 2734 summa
865 2629 1041 2737 'aeman
1068 2686 1270 2748 proiecti
1299 2690 1411 2736 sunt
1440 2703 1718 2749 summaque
1747 2703 1807 2736 ιω
1828 2699 1858 2734 ς

151 2745 314 2791 Haase
354 2746 455 2803 (cfr.
480 2748 594 2794 dial
620 2749 673 2795 X
693 2750 799 2808 7,1)
840 2748 858 2809 ΙΙ
897 2749 957 2796 27
996 2763 1090 2795 non
1128 2746 1334 2807 simplici
1372 2762 1480 2797 cum
1516 2750 1679 2796 dolore
1720 2748 1857 2796 Gertz

148 2784 1856 2879 mmqainepmu'laadmdatanonnimplioemdoloremA

149 2878 359 2971 ffidger
381 2865 876 2973 simpilgcnemudolorem
902 2880 931 2915 ς
960 2871 1010 2975 οἵ
1032 2882 1156 2914 nune
1179 2868 1442 2928 simplicem
1466 2869 1674 2916 dolorem
1699 2868 1855 2929 dupli-

334 2937 478 2970 curan
659 2928 816 2975 center
844 2928 984 2975 Schul
1004 2942 1073 2974 ess
