2034 3086
130 882 154 920 2

131 1178 156 1217 3

133 1775 159 1813 4

193 63 298 117 146
454 66 463 68 *
529 59 577 104 L.
603 55 840 102 ANNAEI
871 54 1144 100 SENECAE
1176 54 1334 100 DIAL.
1359 55 1471 100 LIB.
1496 55 1552 100 V.

190 201 403 238 causam
454 181 511 233 in
560 180 790 232 frontem
840 178 1069 231 mediam
1116 180 1376 247 quantum
1414 179 1625 246 poterat
1663 180 1889 233 attracta

191 258 382 328 pingui
414 255 580 309 saliva
610 252 904 321 inspuisset
930 251 1191 306 Lentulus
1223 251 1314 305 ille
1345 253 1560 320 patrum
1582 254 1890 307 nostrorum

192 331 448 385 memoria
508 327 764 381 factiosus
825 329 879 379 et
938 326 1210 396 inpotens,
1269 325 1518 379 abstersit
1569 325 1761 379 faciem
1815 331 1889 380 et:

194 401 536 458 ‘adfirmabo'
574 400 752 470 inquit
798 399 1096 470 ‘omnibus,
1134 399 1382 469 Lentule,
1419 398 1537 452 falli
1575 417 1665 453 eos
1705 399 1799 469 qui
1836 403 1889 453 te

195 482 394 551 negant
432 495 491 530 os
529 473 758 529 habere.'
1943 491 1963 524 5

337 563 584 619 XXXIX.
648 563 890 635 Contigit
928 564 1035 617 iam
1073 564 1229 618 nobis
1237 605 1252 633 ,
1297 561 1530 632 Novate,
1567 562 1702 615 bene
1748 580 1890 616 com-

190 658 388 712 ponere
418 639 678 692 animum:
718 641 812 691 aut
840 655 952 691 non
984 639 1146 692 sentit
1176 637 1504 692 iracundiam
1533 639 1625 689 aut
1649 637 1892 706 superior

190 719 281 769 est.
359 714 634 767 videamus
686 712 957 782 quomodo
1005 713 1234 766 alienam
1280 713 1416 765 iram
1458 711 1744 781 leniamus3
1791 728 1891 765 nec

190 791 331 843 enim
371 789 487 842 sani
526 806 640 843 esse
678 790 890 841 tantum
928 787 1201 856 volumus,
1240 787 1332 841 sed
1371 803 1570 841 sanare.

337 863 574 917 Primam
628 863 764 916 iram
811 877 928 916 *non
981 862 1294 916 audebimus
1348 861 1589 915 oratione
1637 861 1893 915 mulcere:
1923 878 1966 910 ιο

190 939 351 993 surda
388 940 471 991 est
509 941 563 991 et
600 956 806 1007 amens3
844 936 1088 990 dabimus
1127 935 1210 989 illi
1249 936 1495 1005 spatium.
1564 935 1799 989 remedia
1835 936 1894 989 in

189 1013 593 1067 remissionibus
632 1014 882 1082 prosunt3
919 1029 1020 1064 nec
1058 1011 1242 1064 oculos
1281 1010 1537 1063 tumentis
1568 1013 1892 1080 temptamus

190 1089 300 1141 vim
330 1088 594 1158 rigentem
624 1086 889 1140 movendo
920 1085 1218 1154 incitaturi,
1247 1102 1348 1138 nec
1378 1087 1554 1139 cetera
1582 1085 1738 1154 vitia,
1766 1085 1893 1138 dum

190 1163 420 1216 fervent:
482 1162 637 1215 initia
690 1161 1000 1214 morborum
1055 1159 1206 1228 quies
1261 1162 1425 1213 curat.
1518 1158 1892 1229 ‘quantulum’

190 1237 369 1307 inquis
425 1237 669 1306 ‘prodest
718 1234 1011 1288 remedium
1060 1237 1239 1304 tuum,
1287 1234 1335 1288 si
1380 1252 1477 1288 sua
1523 1237 1715 1304 sponte
1760 1234 1894 1288 desi·
1926 1249 1968 1282 15

188 1315 403 1365 nentem
435 1312 569 1364 iram
599 1309 826 1380 placat!'
888 1309 1146 1379 primum,
1177 1312 1240 1362 ut
1270 1308 1428 1363 citius
1454 1309 1681 1378 desinat,
1705 1307 1895 1378 efficit3

190 1387 379 1440 deinde
429 1385 685 1454 custodit,
735 1403 803 1438 ne
851 1383 1109 1454 reccidat3
1147 1383 1326 1454 ipsum
1366 1401 1578 1453 quoque
1617 1383 1895 1452 impetum,

191 1479 348 1530 quem
394 1479 504 1514 non
550 1460 711 1512 audet
754 1459 944 1528 lenire,
991 1458 1163 1512 fallet:
1216 1457 1514 1511 removebit
1551 1457 1731 1510 omnia
1769 1456 1893 1510 ulti-

191 1536 307 1589 onis
347 1536 723 1603 instrumenta,
763 1533 1037 1587 simulabit
1074 1533 1230 1602 iram,
1269 1536 1331 1586 ut
1368 1534 1643 1601 tamquam
1682 1531 1895 1584 adiutor

190 1613 244 1663 et
293 1609 493 1664 doloris
542 1627 720 1664 comes
767 1609 889 1679 plus
936 1607 1271 1662 auctoritatis
1310 1607 1368 1659 in
1406 1605 1646 1661 consiliis
1684 1605 1892 1675 habeat,
1924 1622 1969 1655 20

192 1703 367 1738 moras
406 1687 586 1738 nectet
622 1687 696 1754 et,
741 1684 869 1737 dum
908 1683 1166 1736 maiorem
1203 1699 1434 1751 poenam
1473 1681 1706 1751 quaerit,
1744 1684 1894 1750 prae-

193 1763 395 1813 sentem
450 1759 671 1813 differet.
748 1757 895 1811 omni
948 1760 1060 1810 arte
1113 1756 1352 1827 requiem
1405 1755 1575 1809 furori
1624 1755 1794 1809 dabit:
1849 1755 1895 1809 si

191 1835 557 1888 vehementior
609 1834 731 1902 erit,
785 1835 878 1886 aut
931 1831 1192 1901 pudorem
1244 1830 1328 1884 illi
1381 1830 1468 1885 cui
1520 1848 1633 1884 non
1680 1830 1895 1884 resistat

191 1910 416 1963 incutiet
454 1912 548 1962 aut
585 1911 810 1977 metum3
860 1907 906 1961 si
944 1907 1230 1976 infirmior,
1270 1923 1539 1960 sermones
1577 1904 1771 1959 inferet
1807 1905 1895 1958 vel

192 1987 374 2055 gratos
427 1984 515 2037 vel
561 2001 731 2037 novos
783 1985 837 2035 et
886 1981 1179 2052 cupiditate
1229 1980 1588 2053 cognoscendi
1633 1979 1892 2033 avocabit.
1924 1994 1967 2028 25

192 2059 459 2113 medicum
509 2058 681 2127 aiunt,
731 2075 854 2111 cum
899 2057 1042 2128 regis
1091 2056 1261 2109 filiam
1306 2073 1491 2109 curare
1537 2054 1750 2108 deberet
1794 2072 1894 2108 nec

194 2133 307 2187 sine
367 2133 508 2187 ferro
570 2135 774 2202 posset,
833 2130 960 2185 dum
1012 2134 1309 2184 tumentem
1363 2147 1650 2183 mammam
1701 2128 1894 2182 leniter

192 2208 361 2277 fovet,
385 2207 700 2277 scalpellum
725 2225 963 2278 spongea
985 2209 1187 2260 tectum
1211 2205 1506 2259 induxisse:
1542 2207 1893 2274 repugnasset

194 2283 371 2352 puella
423 2282 658 2335 remedio
713 2282 892 2351 palam
942 2280 1181 2349 admot0,
1231 2279 1439 2348 eadem,
1487 2279 1613 2348 quia
1656 2297 1769 2332 non
1806 2297 1892 2331 ex-

194 2356 448 2426 pectavit,
504 2356 744 2410 dolorem
796 2356 935 2409 tulit.
1036 2355 1296 2425 quaedam
1349 2372 1460 2407 non
1514 2353 1617 2406 nisi
1672 2352 1893 2422 decepta
1923 2367 1967 2400 8⁰

186 2435 465 2487 sanantur.

343 2519 452 2574 XL.
510 2519 683 2574 Alteri
722 2520 887 2574 dices:
927 2519 1074 2573 ‘vide
1112 2538 1179 2572 ne
1218 2517 1448 2572 inimicis
1487 2516 1762 2571 iracundia
1798 2519 1891 2570 tua

196 2595 457 2665 voluptati
512 2594 621 2663 sit',
683 2595 858 2648 alteri:
921 2595 1065 2648 ‘vide
1114 2613 1181 2647 ne
1231 2591 1543 2664 magnitudo
1596 2591 1762 2644 animi
1811 2591 1891 2643 tui

345 2755 401 2801 17
434 2755 642 2801 reccidat
670 2756 717 2802 A
746 2756 763 2816 ΙΙ
793 2756 850 2801 21
876 2756 1031 2815 querit
1055 2757 1104 2813 (q
1127 2768 1184 2801 eoe
1207 2768 1233 2799 o
1258 2755 1390 2811 corr.)
1415 2753 1462 2798 A
1490 2753 1507 2812 ΙΙ
1536 2751 1596 2797 24
1618 2750 1787 2797 inferet
1808 2751 1892 2795 Ls

196 2815 339 2860 infert
367 2816 414 2860 A
444 2815 461 2874 ΙΙ
497 2815 556 2860 28
593 2829 801 2874 spongea
839 2817 886 2862 A
923 2817 1007 2873 cfr.
1045 2829 1145 2872 cap.
1180 2818 1251 2870 19,
1275 2818 1304 2860 3
1334 2819 1376 2860 et
1406 2812 1480 2872 401
1516 2812 1577 2858 30
1615 2812 1814 2868 decepta
1845 2811 1891 2856 A

197 2875 406 2932 deceptis
437 2875 732 2922 Badstiibner
