2028 3106
211 83 320 137 282
551 81 600 126 L.
626 79 862 124 ANNAEI
893 77 1166 123 SENECAE
1198 78 1356 124 DIAL.
1379 79 1492 124 LIB.
1516 79 1571 123 X.

210 203 345 272 istie,
375 221 604 273 quorum
626 202 847 255 nomina
869 200 1192 269 ediscuntur,
1220 200 1306 253 his
1330 201 1451 254 illos
1475 202 1683 256 dinosci
1704 202 1908 256 videbis

210 277 375 331 notis:
426 278 518 330 ille
556 277 702 330 illius
741 276 918 328 cultor
955 278 1061 344 est,
1106 275 1196 328 hic
1235 275 1403 344 illius3
1450 294 1576 330 suus
1614 295 1772 330 nemo
1813 281 1908 331 est.

212 351 401 405 deinde
452 349 852 404 dementissima
907 349 1241 418 quorundam
1288 349 1587 420 indignatio
1628 354 1729 403 est:
1785 369 1908 419 que-

209 429 402 479 runtur
425 425 490 478 de
514 424 848 493 superiorum
873 423 1107 491 fastidio,
1130 423 1274 492 quod
1298 423 1428 492 ipsis
1445 424 1590 477 adire
1605 425 1908 479 volentibus

209 519 320 553 non
369 499 697 553 vacaverint!
774 498 933 551 audet
973 498 1257 567 quisquam
1296 497 1361 550 de
1400 499 1618 552 alterius
1659 499 1909 567 superbia

211 573 385 643 queri,
435 572 529 642 qui
583 573 687 625 sibi
737 572 852 641 ipse
901 590 1178 641 nunquam
1227 570 1418 624 vacat?
1494 573 1584 625 ille
1623 576 1805 625 tamen
1841 576 1908 641 te,

211 647 454 717 quisquis
472 665 542 716 es,
559 647 812 700 insolenti
828 646 1043 715 quidem
1068 647 1224 698 vultu
1247 645 1340 698 sed
1358 645 1643 714 aliquando
1660 647 1911 716 respexit,

208 723 300 775 ille
322 739 480 774 aures
506 739 627 775 suas
652 721 719 774 ad
741 724 836 773 tua
858 721 1021 773 verba.
1044 719 1274 788 demisit,
1304 719 1397 773 ille
1419 723 1473 773 te
1497 720 1562 773 ad
1585 722 1726 775 latus
1751 739 1909 774 suum

208 795 434 865 recepit:
471 798 532 849 tu
569 814 681 849 non
719 795 982 865 inspicere
1021 797 1075 847 te
1114 812 1394 863 umquam,
1433 813 1543 847 non
1581 795 1764 848 audire
1796 795 1910 865 dig·

207 874 366 924 natus
418 890 485 925 es.
563 889 674 924 non
720 873 801 924 est
847 870 1053 939 itaque,
1103 869 1247 937 quod
1292 869 1396 922 ista
1441 868 1620 922 officia
1657 870 1909 939 cuiquam

208 946 464 1015 imputes,
503 945 756 1015 quoniam
798 944 1034 1013 quidem,
1085 962 1207 997 cum
1248 944 1342 996 ina
1379 942 1601 1012 facere8‚
1645 963 1756 998 non
1796 963 1911 998 esse

209 1038 331 1074 cum
371 1021 478 1073 alio
518 1020 758 1085 volebaS,
798 1018 890 1072 sed
928 1022 1104 1072 tecum
1144 1036 1258 1071 esse
1296 1036 1407 1072 non
1444 1022 1672 1088 poteras

355 1093 449 1149 III.
512 1093 707 1148 Omnia
744 1093 894 1162 licet,
933 1111 1068 1162 quae
1107 1111 1345 1162 unquam
1385 1093 1600 1164 ingenia
1630 1093 1911 1162 fulserunt,

206 1170 264 1222 in
309 1169 414 1223 hoc
452 1187 621 1221 unum
660 1168 1021 1237 consentiant,
1067 1185 1344 1236 nunquam
1383 1168 1511 1222 satis
1550 1168 1688 1221 hanc
1726 1169 1910 1221 huma-

206 1262 396 1297 narum
451 1242 714 1296 mentium
773 1242 1060 1313 caliginem
1121 1242 1480 1295 mirabuntur:
1542 1242 1761 1312 praedia
1814 1260 1911 1295 sua

207 1317 459 1388 occupari
498 1336 529 1370 a
565 1317 717 1370 nullo
756 1318 1037 1387 patiuntur
1075 1318 1152 1385 et,
1201 1316 1247 1369 si
1285 1316 1479 1387 exigua
1517 1317 1789 1370 contentio
1829 1319 1912 1370 est

207 1393 272 1446 de
327 1391 487 1446 modo
541 1391 754 1460 finium,
815 1391 882 1444 ad
930 1390 1137 1461 lapides
1189 1394 1242 1444 et
1281 1409 1429 1443 arma
1467 1390 1793 1444 discurruntz
1854 1390 1911 1443 in

205 1467 371 1520 vitam
404 1484 555 1520 suam
586 1466 828 1520 incedere
860 1466 994 1518 alios
1026 1465 1232 1534 sinunt,
1263 1465 1429 1518 immo
1461 1482 1587 1517 vero
1621 1465 1726 1534 ipsi
1749 1465 1910 1517 etiam

205 1558 539 1611 possessores
579 1540 691 1595 eius
731 1540 942 1593 futuros
973 1538 1258 1607 inducunt3
1296 1557 1454 1592 nemo
1487 1539 1776 1608 invenitur,
1817 1539 1911 1607 qui

202 1615 487 1686 pecuniam
519 1633 670 1669 suam
702 1614 938 1668 dividere
970 1614 1121 1667 velit:
1151 1613 1319 1667 vitam
1349 1613 1718 1683 unusquisque
1750 1630 1911 1682 quam

206 1689 392 1744 multis
443 1689 737 1743 distribuit!
814 1689 1056 1743 adstricti
1107 1691 1233 1741 sunt
1282 1688 1340 1741 in
1386 1687 1708 1741 continendo
1747 1688 1910 1757 patri-

206 1765 414 1834 moni0,
463 1765 626 1819 simul
672 1764 739 1817 ad
788 1763 1048 1818 iacturam
1086 1762 1345 1832 temporis
1377 1765 1598 1816 ventum
1637 1765 1740 1830 est,
1788 1780 1909 1831 pro—

205 1839 465 1894 fusissimi
503 1839 558 1892 in
600 1857 687 1907 e0‚
730 1839 880 1892 cuius
919 1838 1079 1891 unius
1110 1837 1338 1891 honesta
1368 1837 1592 1890 avaritia
1622 1839 1715 1890 est.
1776 1836 1909 1889 libet

204 1914 387 1984 itaque
432 1932 499 1968 ex
538 1914 808 1968 seniorum
847 1913 1005 1966 turba
1043 1911 1422 1982 comprendere
1460 1912 1716 1981 aliquem:
1769 1910 1908 1980 ‘per-

204 1989 413 2043 venisse
480 1991 535 2042 te
603 1988 671 2042 ad
739 1988 991 2041 ultimum
1060 1987 1249 2041 aetatis
1317 1986 1581 2040 humanae
1649 1985 1910 2053 videmus,

205 2063 524 2118 centesimus
562 2063 665 2117 tibi
702 2064 791 2116 vel
830 2081 992 2133 supra
1028 2061 1290 2132 premitur
1320 2079 1512 2115 annus:
1551 2060 1804 2133 agedum,
1841 2059 1909 2112 ad

205 2139 662 2208 computationem
710 2141 938 2192 aetatem
992 2140 1142 2190 tuam
1187 2154 1392 2190 revoca.
1470 2136 1596 2206 duc,
1647 2138 1908 2205 quantum

206 2232 271 2267 ex
320 2214 425 2267 isto
479 2215 720 2283 tempore
776 2213 1030 2280 creditor,
1084 2215 1344 2281 quantum
1398 2212 1591 2280 amica,
1648 2213 1906 2279 quantum

204 2306 320 2357 rex,
379 2290 639 2357 quantum
696 2287 862 2341 cliens
914 2286 1216 2368 Qstulerit,
1276 2289 1536 2355 quantum
1586 2285 1654 2338 lis
1705 2283 1906 2352 uxoria,

133 2444 140 2461 f
353 2419 381 2463 1
412 2417 599 2464 uidebis
630 2433 743 2464 corr.
767 2433 824 2464 ex
854 2417 958 2462 bid·
981 2418 1052 2464 A⁵
1073 2418 1089 2477 ΙΙ
1122 2418 1146 2462 7
1172 2431 1219 2462 es
1244 2428 1273 2461 ς
1303 2418 1375 2462 est
1397 2417 1443 2462 A
1473 2417 1489 2477 ΙΙ
1520 2416 1580 2462 10
1611 2415 1835 2473 quiquam
1860 2416 1906 2461 A

205 2493 318 2536 corr.
342 2480 459 2537 voly.
493 2479 746 2536 quoiquam
779 2479 915 2524 Gertz
952 2478 968 2538 ΙΙ
1005 2478 1064 2522 12
1096 2481 1154 2522 cu
1185 2477 1278 2521 alio
1303 2478 1350 2522 A
1379 2477 1458 2522 sed
1486 2478 1539 2521 in
1568 2490 1660 2522 ras.
1685 2489 1766 2520 ‘nec
1795 2490 1851 2521 m.
1879 2479 1905 2519 1

0 2538 4 2545 ⁵
59 2553 61 2558 ⁴
205 2544 258 2583 ut
294 2540 390 2583 uid.
423 2540 644 2596 scriptum
683 2552 788 2583 cum
829 2538 988 2595 aliquo
1021 2548 1049 2582 ς
1081 2537 1098 2598 Η
1136 2536 1196 2582 14
1225 2537 1556 2596 inhocssunum
1580 2537 1627 2581 A
1657 2538 1788 2592 (eras.
1813 2535 1903 2580 vid.

206 2599 269 2655 m)
293 2598 310 2658 Η
339 2598 398 2643 15
420 2597 719 2642 mirabuntur
741 2600 793 2644 A·
810 2597 1159 2642 miserabuntur
1181 2597 1443 2642 dubitanter
1468 2596 1666 2653 Madvig}
1689 2594 1905 2639 crimina-

210 2657 382 2702 buntur
409 2658 545 2704 Gertz
574 2657 590 2717 ΙΙ
622 2658 680 2703 18
703 2658 850 2717 incess
855 2658 964 2702 dere
990 2658 1036 2703 A
1059 2659 1192 2714 (eras.
1218 2659 1265 2714 n)
1288 2655 1305 2715 ΙΙ
1327 2656 1386 2700 25
1403 2661 1510 2713 post
1531 2655 1749 2703 ultimum
1774 2654 1905 2699 Koch

203 2717 457 2762 terminum
481 2718 589 2763 add.
613 2719 692 2763 sed
714 2718 797 2773 cfr.
816 2718 927 2762 dial.
950 2717 1022 2762 VI
1042 2720 1114 2772 12,
1131 2721 1159 2760 4
1190 2717 1244 2760 de
1266 2717 1389 2761 clem.
1414 2717 1449 2760 Ι
1470 2720 1512 2770 6,
1529 2719 1558 2760 3
1581 2716 1707 2772 epist.
1725 2717 1830 2769 120,
1846 2716 1906 2758 17

1942 887 1984 918 10

1942 1257 1984 1291 15

1942 1628 1986 1661 20

1940 1999 1982 2033 25

206 2783 249 2822 et
287 2781 346 2822 18
386 2777 402 2837 Η
442 2777 500 2822 27
533 2777 625 2822 duc
655 2778 702 2823 A
742 2777 818 2822 dic
855 2778 969 2835 voly.
1010 2776 1026 2836 ΙΙ
1066 2776 1125 2821 29
1156 2789 1236 2820 rex
1259 2776 1305 2821 A
1341 2777 1389 2832 (i.
1415 2789 1450 2820 e.
1482 2776 1701 2832 superior,
1732 2788 1768 2818 c.
1792 2776 1838 2828 2,
1862 2776 1904 2827 1,
1946 2816 1948 2818 ,

200 2838 444 2894 patronus)
483 2842 618 2893 recte,
649 2838 906 2883 memineris
936 2836 1066 2882 modo
1098 2837 1212 2881 Hor.
1246 2836 1373 2893 epist.
1406 2836 1440 2879 Ι
1466 2839 1494 2880 7
1523 2840 1565 2879 et
1596 2838 1654 2879 18
1660 2851 1678 2889 ,·
1714 2847 1796 2878 nec
1829 2831 1904 2877 ob-

205 2902 327 2942 stare
365 2902 482 2954 puto
524 2897 643 2955 quod
675 2897 1037 2942 molestissimum
1078 2896 1255 2941 clientis
1296 2895 1501 2951 officium
1542 2893 1672 2949 infra
1713 2891 1905 2937 additwr
