<?xml version="1.0" encoding="UTF-8"?>
<!DOCTYPE html PUBLIC "-//W3C//DTD XHTML 1.0 Transitional//EN"
    "http://www.w3.org/TR/xhtml1/DTD/xhtml1-transitional.dtd">
<html xmlns="http://www.w3.org/1999/xhtml" xml:lang="en" lang="en">
 <head>
  <title>
</title>
<meta http-equiv="Content-Type" content="text/html;charset=utf-8" />
  <meta name='ocr-system' content='tesseract 3.04.00' />
  <meta name='ocr-capabilities' content='ocr_page ocr_carea ocr_par ocr_line ocrx_word'/>
</head>
<body>
  <div class='ocr_page' id='page_1' title='image "./f1operaquaesuper01seneuoft_0135.png"; bbox 0 0 2034 3086; ppageno 0'>
   <div class='ocr_carea' id='block_1_1' title="bbox 614 21 1816 78">
    <p class='ocr_par' dir='ltr' id='par_1_1' title="bbox 614 21 1816 78">
     <span class='ocr_line' id='line_1_1' title="bbox 614 21 1816 78; baseline -0.001 -10"><span class='ocrx_word' id='word_1_1' title='bbox 614 22 698 68; x_wconf 86' lang='lat' dir='ltr'><strong>DE</strong></span> <span class='ocrx_word' id='word_1_2' title='bbox 727 22 835 68; x_wconf 85' lang='lat' dir='ltr'><strong>IRA</strong></span> <span class='ocrx_word' id='word_1_3' title='bbox 865 22 1081 69; x_wconf 86' lang='lat' dir='ltr'>LIB.111.</span> <span class='ocrx_word' id='word_1_4' title='bbox 1137 21 1264 68; x_wconf 82' lang='lat' dir='ltr'><strong>CAP.</strong></span> <span class='ocrx_word' id='word_1_5' title='bbox 1291 27 1318 68; x_wconf 79' lang='lat'><strong>3</strong></span> <span class='ocrx_word' id='word_1_6' title='bbox 1713 24 1816 78; x_wconf 88' lang='lat'><strong>111</strong></span> 
     </span>
    </p>
   </div>
   <div class='ocr_carea' id='block_1_2' title="bbox 43 143 1881 2291">
    <p class='ocr_par' dir='ltr' id='par_1_2' title="bbox 43 143 1881 2291">
     <span class='ocr_line' id='line_1_2' title="bbox 117 143 1876 218; baseline -0.002 -16"><span class='ocrx_word' id='word_1_7' title='bbox 117 150 339 202; x_wconf 84' lang='lat' dir='ltr'><strong>conatus</strong></span> <span class='ocrx_word' id='word_1_8' title='bbox 378 162 604 218; x_wconf 88' lang='lat' dir='ltr'><strong>magnos</strong></span> <span class='ocrx_word' id='word_1_9' title='bbox 642 145 858 217; x_wconf 89' lang='lat' dir='ltr'><strong>pigrum</strong></span> <span class='ocrx_word' id='word_1_10' title='bbox 896 146 1230 215; x_wconf 75' lang='lat' dir='ltr'><strong>inertemque</strong></span> <span class='ocrx_word' id='word_1_11' title='bbox 1267 144 1399 199; x_wconf 87' lang='lat' dir='ltr'><strong>fieri.</strong></span> <span class='ocrx_word' id='word_1_12' title='bbox 1460 143 1819 198; x_wconf 84' lang='lat' dir='ltr'><strong>necessarium</strong></span> <span class='ocrx_word' id='word_1_13' title='bbox 1849 158 1876 198; x_wconf 82' lang='lat'>2</span> 
     </span>
     <span class='ocr_line' id='line_1_3' title="bbox 116 219 1820 292; baseline -0.003 -15.664"><span class='ocrx_word' id='word_1_14' title='bbox 116 223 432 292; x_wconf 84' lang='lat' dir='ltr'><strong>estitaque</strong></span> <span class='ocrx_word' id='word_1_15' title='bbox 485 220 798 274; x_wconf 87' lang='lat' dir='ltr'><strong>foeditatem</strong></span> <span class='ocrx_word' id='word_1_16' title='bbox 847 219 962 274; x_wconf 88' lang='lat' dir='ltr'><strong>eius</strong></span> <span class='ocrx_word' id='word_1_17' title='bbox 1012 238 1075 274; x_wconf 89' lang='lat' dir='ltr'><strong>ac</strong></span> <span class='ocrx_word' id='word_1_18' title='bbox 1123 219 1391 273; x_wconf 87' lang='lat' dir='ltr'><strong>feritatem</strong></span> <span class='ocrx_word' id='word_1_19' title='bbox 1439 236 1727 290; x_wconf 81' lang='lat' dir='ltr'><strong>coarguere</strong></span> <span class='ocrx_word' id='word_1_20' title='bbox 1766 221 1820 272; x_wconf 90' lang='lat' dir='ltr'><strong>et</strong></span> 
     </span>
     <span class='ocr_line' id='line_1_4' title="bbox 116 292 1821 378; baseline -0.002 -28"><span class='ocrx_word' id='word_1_21' title='bbox 116 300 238 351; x_wconf 85' lang='lat' dir='ltr'><strong>ante</strong></span> <span class='ocrx_word' id='word_1_22' title='bbox 285 296 472 351; x_wconf 89' lang='grc'>088108</span> <span class='ocrx_word' id='word_1_23' title='bbox 516 312 716 365; x_wconf 87' lang='lat' dir='ltr'><strong>ponere</strong></span> <span class='ocrx_word' id='word_1_24' title='bbox 755 297 1019 378; x_wconf 69' lang='lat' dir='ltr'><strong>quantum</strong></span> <span class='ocrx_word' id='word_1_25' title='bbox 1050 294 1279 348; x_wconf 87' lang='lat' dir='ltr'><strong>monstri</strong></span> <span class='ocrx_word' id='word_1_26' title='bbox 1317 294 1389 348; x_wconf 92' lang='lat' dir='ltr'><strong>sit</strong></span> <span class='ocrx_word' id='word_1_27' title='bbox 1425 293 1591 348; x_wconf 91' lang='lat' dir='ltr'><strong>homo</strong></span> <span class='ocrx_word' id='word_1_28' title='bbox 1629 292 1689 346; x_wconf 92' lang='lat' dir='ltr'><strong>in</strong></span> <span class='ocrx_word' id='word_1_29' title='bbox 1724 292 1821 346; x_wconf 90' lang='lat' dir='ltr'><strong>ho-</strong></span> 
     </span>
     <span class='ocr_line' id='line_1_5' title="bbox 115 366 1820 453; baseline -0.004 -27"><span class='ocrx_word' id='word_1_30' title='bbox 115 371 313 426; x_wconf 89' lang='lat' dir='ltr'><strong>minem</strong></span> <span class='ocrx_word' id='word_1_31' title='bbox 350 369 534 423; x_wconf 83' lang='lat' dir='ltr'><strong>furens</strong></span> <span class='ocrx_word' id='word_1_32' title='bbox 566 372 875 440; x_wconf 90' lang='lat' dir='ltr'><strong>quantoque</strong></span> <span class='ocrx_word' id='word_1_33' title='bbox 910 367 1118 438; x_wconf 83' lang='lat' dir='ltr'><strong>impetu</strong></span> <span class='ocrx_word' id='word_1_34' title='bbox 1144 371 1269 423; x_wconf 88' lang='lat' dir='ltr'><strong>ruat</strong></span> <span class='ocrx_word' id='word_1_35' title='bbox 1297 387 1410 423; x_wconf 92' lang='lat' dir='ltr'><strong>non</strong></span> <span class='ocrx_word' id='word_1_36' title='bbox 1440 368 1554 423; x_wconf 90' lang='lat' dir='ltr'><strong>sine</strong></span> <span class='ocrx_word' id='word_1_37' title='bbox 1584 366 1820 453; x_wconf 81' lang='lat' dir='ltr'><strong>pernicie</strong></span> 
     </span>
     <span class='ocr_line' id='line_1_6' title="bbox 63 442 1819 516; baseline -0.001 -20"><span class='ocrx_word' id='word_1_38' title='bbox 63 461 85 496; x_wconf 71' lang='grc' dir='ltr'>ε</span> <span class='ocrx_word' id='word_1_39' title='bbox 114 464 214 501; x_wconf 87' lang='lat' dir='ltr'><strong>sua</strong></span> <span class='ocrx_word' id='word_1_40' title='bbox 248 443 581 516; x_wconf 86' lang='lat' dir='ltr'><strong>perniciosus</strong></span> <span class='ocrx_word' id='word_1_41' title='bbox 620 447 674 498; x_wconf 89' lang='lat' dir='ltr'><strong>et</strong></span> <span class='ocrx_word' id='word_1_42' title='bbox 711 463 774 498; x_wconf 93' lang='lat' dir='ltr'><strong>ea</strong></span> <span class='ocrx_word' id='word_1_43' title='bbox 811 442 1136 513; x_wconf 88' lang='lat' dir='ltr'><strong>deprimens,</strong></span> <span class='ocrx_word' id='word_1_44' title='bbox 1175 461 1311 513; x_wconf 91' lang='lat' dir='ltr'><strong>quae</strong></span> <span class='ocrx_word' id='word_1_45' title='bbox 1350 444 1522 516; x_wconf 85' lang='lat' dir='ltr'><strong>mergi</strong></span> <span class='ocrx_word' id='word_1_46' title='bbox 1558 442 1665 497; x_wconf 91' lang='lat' dir='ltr'><strong>nisi</strong></span> <span class='ocrx_word' id='word_1_47' title='bbox 1695 459 1819 496; x_wconf 89' lang='lat' dir='ltr'><strong>cum</strong></span> 
     </span>
     <span class='ocr_line' id='line_1_7' title="bbox 114 516 1878 605; baseline -0.003 -30"><span class='ocrx_word' id='word_1_48' title='bbox 114 522 388 592; x_wconf 81' lang='lat' dir='ltr'><strong>mergente</strong></span> <span class='ocrx_word' id='word_1_49' title='bbox 425 537 537 573; x_wconf 94' lang='lat' dir='ltr'><strong>non</strong></span> <span class='ocrx_word' id='word_1_50' title='bbox 574 522 816 605; x_wconf 77' lang='lat' dir='ltr'><strong>possunt</strong></span> <span class='ocrx_word' id='word_1_51' title='bbox 894 516 1023 588; x_wconf 90' lang='lat' dir='ltr'><strong>quid</strong></span> <span class='ocrx_word' id='word_1_52' title='bbox 1070 517 1235 589; x_wconf 80' lang='lat' dir='ltr'><strong>ergo?</strong></span> <span class='ocrx_word' id='word_1_53' title='bbox 1309 536 1500 573; x_wconf 90' lang='lat' dir='ltr'><strong>sanum</strong></span> <span class='ocrx_word' id='word_1_54' title='bbox 1542 518 1689 572; x_wconf 91' lang='lat' dir='ltr'><strong>hunc</strong></span> <span class='ocrx_word' id='word_1_55' title='bbox 1727 516 1820 570; x_wconf 91' lang='lat' dir='ltr'><strong>ali·</strong></span> <span class='ocrx_word' id='word_1_56' title='bbox 1851 530 1878 571; x_wconf 87' lang='grc'>3</span> 
     </span>
     <span class='ocr_line' id='line_1_8' title="bbox 115 590 1821 680; baseline -0.002 -31"><span class='ocrx_word' id='word_1_57' title='bbox 115 595 236 680; x_wconf 81' lang='grc'>8818</span> <span class='ocrx_word' id='word_1_58' title='bbox 281 597 463 663; x_wconf 87' lang='grc'>10881,</span> <span class='ocrx_word' id='word_1_59' title='bbox 507 594 602 665; x_wconf 91' lang='grc'><strong>881</strong></span> <span class='ocrx_word' id='word_1_60' title='bbox 638 595 788 648; x_wconf 90' lang='grc'>18181</span> <span class='ocrx_word' id='word_1_61' title='bbox 824 595 1145 663; x_wconf 88' lang='lat' dir='ltr'><strong>tempestate</strong></span> <span class='ocrx_word' id='word_1_62' title='bbox 1183 596 1458 664; x_wconf 88' lang='lat' dir='ltr'><strong>correptus</strong></span> <span class='ocrx_word' id='word_1_63' title='bbox 1495 612 1608 648; x_wconf 93' lang='lat' dir='ltr'><strong>non</strong></span> <span class='ocrx_word' id='word_1_64' title='bbox 1645 592 1689 646; x_wconf 89' lang='lat' dir='ltr'><strong>it</strong></span> <span class='ocrx_word' id='word_1_65' title='bbox 1727 590 1821 646; x_wconf 88' lang='lat' dir='ltr'><strong>sed</strong></span> 
     </span>
     <span class='ocr_line' id='line_1_9' title="bbox 114 667 1820 742; baseline -0.001 -20"><span class='ocrx_word' id='word_1_66' title='bbox 114 669 296 742; x_wconf 87' lang='lat' dir='ltr'><strong>agitur</strong></span> <span class='ocrx_word' id='word_1_67' title='bbox 346 672 402 723; x_wconf 90' lang='lat' dir='ltr'><strong>et</strong></span> <span class='ocrx_word' id='word_1_68' title='bbox 452 668 653 724; x_wconf 82' lang='lat' dir='ltr'><strong>furenti</strong></span> <span class='ocrx_word' id='word_1_69' title='bbox 707 669 850 723; x_wconf 92' lang='lat' dir='ltr'><strong>malo</strong></span> <span class='ocrx_word' id='word_1_70' title='bbox 901 667 1090 737; x_wconf 81' lang='lat' dir='ltr'><strong>servit,</strong></span> <span class='ocrx_word' id='word_1_71' title='bbox 1140 684 1241 721; x_wconf 92' lang='lat' dir='ltr'><strong>nec</strong></span> <span class='ocrx_word' id='word_1_72' title='bbox 1288 668 1508 723; x_wconf 90' lang='lat' dir='ltr'><strong>mandat</strong></span> <span class='ocrx_word' id='word_1_73' title='bbox 1556 667 1820 723; x_wconf 87' lang='lat' dir='ltr'><strong>ultionem</strong></span> 
     </span>
     <span class='ocr_line' id='line_1_10' title="bbox 115 741 1821 814; baseline -0.002 -16"><span class='ocrx_word' id='word_1_74' title='bbox 115 762 293 812; x_wconf 87' lang='lat' dir='ltr'><strong>suam,</strong></span> <span class='ocrx_word' id='word_1_75' title='bbox 345 743 436 798; x_wconf 90' lang='lat' dir='ltr'><strong>sed</strong></span> <span class='ocrx_word' id='word_1_76' title='bbox 489 745 606 814; x_wconf 90' lang='lat' dir='ltr'><strong>ipse</strong></span> <span class='ocrx_word' id='word_1_77' title='bbox 660 744 774 798; x_wconf 92' lang='grc'>8188</span> <span class='ocrx_word' id='word_1_78' title='bbox 829 745 1046 797; x_wconf 84' lang='lat' dir='ltr'><strong>exactor</strong></span> <span class='ocrx_word' id='word_1_79' title='bbox 1099 741 1279 795; x_wconf 89' lang='lat' dir='ltr'><strong>animo</strong></span> <span class='ocrx_word' id='word_1_80' title='bbox 1331 743 1493 798; x_wconf 86' lang='lat' dir='ltr'><strong>simul</strong></span> <span class='ocrx_word' id='word_1_81' title='bbox 1543 762 1606 798; x_wconf 86' lang='lat' dir='ltr'><strong>ac</strong></span> <span class='ocrx_word' id='word_1_82' title='bbox 1657 760 1821 797; x_wconf 89' lang='lat' dir='ltr'><strong>manu</strong></span> 
     </span>
     <span class='ocr_line' id='line_1_11' title="bbox 44 818 1820 887; baseline 0.001 -19"><span class='ocrx_word' id='word_1_83' title='bbox 44 835 87 869; x_wconf 81' lang='grc' dir='ltr'><strong>ιο</strong></span> <span class='ocrx_word' id='word_1_84' title='bbox 116 818 285 872; x_wconf 88' lang='grc'>888111</span> <span class='ocrx_word' id='word_1_85' title='bbox 314 819 714 873; x_wconf 74' lang='lat' dir='ltr'><strong>carissimorum</strong></span> <span class='ocrx_word' id='word_1_86' title='bbox 746 835 1040 887; x_wconf 91' lang='lat' dir='ltr'><strong>eorumque</strong></span> <span class='ocrx_word' id='word_1_87' title='bbox 1065 834 1202 886; x_wconf 89' lang='lat' dir='ltr'><strong>quae</strong></span> <span class='ocrx_word' id='word_1_88' title='bbox 1226 834 1355 869; x_wconf 87' lang='lat' dir='ltr'><strong>mox</strong></span> <span class='ocrx_word' id='word_1_89' title='bbox 1377 818 1573 872; x_wconf 89' lang='lat' dir='ltr'><strong>amissa</strong></span> <span class='ocrx_word' id='word_1_90' title='bbox 1596 818 1820 872; x_wconf 90' lang='lat' dir='ltr'><strong>fleturus</strong></span> 
     </span>
     <span class='ocr_line' id='line_1_12' title="bbox 116 890 1881 962; baseline -0.001 -14"><span class='ocrx_word' id='word_1_91' title='bbox 116 896 197 947; x_wconf 85' lang='lat' dir='ltr'><strong>est</strong></span> <span class='ocrx_word' id='word_1_92' title='bbox 235 892 508 947; x_wconf 78' lang='lat' dir='ltr'><strong>carnifex?</strong></span> <span class='ocrx_word' id='word_1_93' title='bbox 580 893 727 946; x_wconf 88' lang='lat' dir='ltr'><strong>hunc</strong></span> <span class='ocrx_word' id='word_1_94' title='bbox 769 891 964 962; x_wconf 88' lang='lat' dir='ltr'><strong>aliquis</strong></span> <span class='ocrx_word' id='word_1_95' title='bbox 1004 893 1256 945; x_wconf 84' lang='lat' dir='ltr'><strong>affectum</strong></span> <span class='ocrx_word' id='word_1_96' title='bbox 1294 890 1483 944; x_wconf 85' lang='lat' dir='ltr'><strong>virtuti</strong></span> <span class='ocrx_word' id='word_1_97' title='bbox 1521 892 1820 947; x_wconf 88' lang='lat' dir='ltr'><strong>adiutorem</strong></span> <span class='ocrx_word' id='word_1_98' title='bbox 1852 904 1881 946; x_wconf 79' lang='lat'>4</span> 
     </span>
     <span class='ocr_line' id='line_1_13' title="bbox 116 964 1822 1039; baseline -0.002 -17"><span class='ocrx_word' id='word_1_99' title='bbox 116 968 472 1038; x_wconf 80' lang='lat' dir='ltr'><strong>comitemque</strong></span> <span class='ocrx_word' id='word_1_100' title='bbox 511 967 603 1020; x_wconf 89' lang='lat' dir='ltr'><strong>dat</strong></span> <span class='ocrx_word' id='word_1_101' title='bbox 641 966 889 1035; x_wconf 85' lang='lat' dir='ltr'><strong>consilia,</strong></span> <span class='ocrx_word' id='word_1_102' title='bbox 926 966 1041 1021; x_wconf 88' lang='lat' dir='ltr'><strong>sine</strong></span> <span class='ocrx_word' id='word_1_103' title='bbox 1073 966 1267 1037; x_wconf 91' lang='lat' dir='ltr'><strong>quibus</strong></span> <span class='ocrx_word' id='word_1_104' title='bbox 1299 964 1469 1018; x_wconf 81' lang='lat' dir='ltr'><strong>virtus</strong></span> <span class='ocrx_word' id='word_1_105' title='bbox 1500 966 1638 1020; x_wconf 82' lang='lat' dir='ltr'><strong>nihil</strong></span> <span class='ocrx_word' id='word_1_106' title='bbox 1668 967 1822 1039; x_wconf 89' lang='lat' dir='ltr'><strong>gerit,</strong></span> 
     </span>
     <span class='ocr_line' id='line_1_14' title="bbox 117 1039 1823 1111; baseline -0.001 -15"><span class='ocrx_word' id='word_1_107' title='bbox 117 1040 530 1097; x_wconf 79' lang='lat' dir='ltr'><strong>obturbantem?</strong></span> <span class='ocrx_word' id='word_1_108' title='bbox 616 1041 845 1095; x_wconf 83' lang='lat' dir='ltr'><strong>caducae</strong></span> <span class='ocrx_word' id='word_1_109' title='bbox 895 1042 1248 1111; x_wconf 79' lang='lat' dir='ltr'><strong>sinistraeque</strong></span> <span class='ocrx_word' id='word_1_110' title='bbox 1299 1042 1425 1092; x_wconf 89' lang='lat' dir='ltr'><strong>sunt</strong></span> <span class='ocrx_word' id='word_1_111' title='bbox 1472 1039 1611 1093; x_wconf 83' lang='lat' dir='ltr'><strong>vires</strong></span> <span class='ocrx_word' id='word_1_112' title='bbox 1662 1046 1716 1094; x_wconf 93' lang='lat' dir='ltr'><strong>et</strong></span> <span class='ocrx_word' id='word_1_113' title='bbox 1765 1043 1823 1094; x_wconf 92' lang='lat' dir='ltr'><strong>in</strong></span> 
     </span>
     <span class='ocr_line' id='line_1_15' title="bbox 116 1113 1822 1187; baseline -0.001 -16"><span class='ocrx_word' id='word_1_114' title='bbox 116 1118 318 1171; x_wconf 88' lang='lat' dir='ltr'><strong>malum</strong></span> <span class='ocrx_word' id='word_1_115' title='bbox 369 1134 526 1170; x_wconf 91' lang='lat' dir='ltr'><strong>suum</strong></span> <span class='ocrx_word' id='word_1_116' title='bbox 576 1115 808 1185; x_wconf 83' lang='lat' dir='ltr'><strong>validae,</strong></span> <span class='ocrx_word' id='word_1_117' title='bbox 858 1116 915 1169; x_wconf 92' lang='lat' dir='ltr'><strong>in</strong></span> <span class='ocrx_word' id='word_1_118' title='bbox 954 1133 1087 1186; x_wconf 89' lang='lat' dir='ltr'><strong>quas</strong></span> <span class='ocrx_word' id='word_1_119' title='bbox 1126 1133 1348 1187; x_wconf 89' lang='lat' dir='ltr'><strong>aegrum</strong></span> <span class='ocrx_word' id='word_1_120' title='bbox 1387 1113 1607 1167; x_wconf 90' lang='lat' dir='ltr'><strong>morbus</strong></span> <span class='ocrx_word' id='word_1_121' title='bbox 1647 1118 1700 1167; x_wconf 86' lang='lat' dir='ltr'><strong>et</strong></span> <span class='ocrx_word' id='word_1_122' title='bbox 1738 1133 1822 1169; x_wconf 90' lang='lat' dir='ltr'><strong>ac-</strong></span> 
     </span>
     <span class='ocr_line' id='line_1_16' title="bbox 43 1188 1881 1275; baseline 0.002 -34"><span class='ocrx_word' id='word_1_123' title='bbox 43 1205 86 1241; x_wconf 74' lang='grc'><strong>18</strong></span> <span class='ocrx_word' id='word_1_124' title='bbox 115 1192 285 1266; x_wconf 87' lang='grc'>888810</span> <span class='ocrx_word' id='word_1_125' title='bbox 324 1192 503 1246; x_wconf 85' lang='lat' dir='ltr'><strong>erexit.</strong></span> <span class='ocrx_word' id='word_1_126' title='bbox 571 1209 685 1244; x_wconf 93' lang='lat' dir='ltr'><strong>non</strong></span> <span class='ocrx_word' id='word_1_127' title='bbox 722 1194 804 1244; x_wconf 91' lang='lat' dir='ltr'><strong>est</strong></span> <span class='ocrx_word' id='word_1_128' title='bbox 841 1208 969 1262; x_wconf 86' lang='lat' dir='ltr'><strong>ergo</strong></span> <span class='ocrx_word' id='word_1_129' title='bbox 1011 1190 1155 1275; x_wconf 80' lang='lat' dir='ltr'><strong>quod</strong></span> <span class='ocrx_word' id='word_1_130' title='bbox 1194 1208 1280 1243; x_wconf 89' lang='lat' dir='ltr'><strong>me</strong></span> <span class='ocrx_word' id='word_1_131' title='bbox 1318 1190 1474 1273; x_wconf 76' lang='lat' dir='ltr'><strong>putes</strong></span> <span class='ocrx_word' id='word_1_132' title='bbox 1514 1188 1781 1257; x_wconf 90' lang='lat' dir='ltr'><strong>tempus</strong></span> <span class='ocrx_word' id='word_1_133' title='bbox 1766 1208 1822 1242; x_wconf 86' lang='lat' dir='ltr'><strong>in</strong></span> <span class='ocrx_word' id='word_1_134' title='bbox 1852 1202 1881 1244; x_wconf 77' lang='lat'><strong>5</strong></span> 
     </span>
     <span class='ocr_line' id='line_1_17' title="bbox 117 1262 1823 1336; baseline -0.004 -16"><span class='ocrx_word' id='word_1_135' title='bbox 117 1267 459 1336; x_wconf 81' lang='lat' dir='ltr'><strong>supervacuis</strong></span> <span class='ocrx_word' id='word_1_136' title='bbox 506 1283 844 1335; x_wconf 88' lang='lat' dir='ltr'><strong>consumere,</strong></span> <span class='ocrx_word' id='word_1_137' title='bbox 886 1265 1031 1335; x_wconf 91' lang='lat' dir='ltr'><strong>quod</strong></span> <span class='ocrx_word' id='word_1_138' title='bbox 1070 1266 1229 1334; x_wconf 90' lang='lat' dir='ltr'><strong>iram,</strong></span> <span class='ocrx_word' id='word_1_139' title='bbox 1268 1263 1422 1335; x_wconf 88' lang='lat' dir='ltr'><strong>quasi</strong></span> <span class='ocrx_word' id='word_1_140' title='bbox 1461 1262 1653 1316; x_wconf 83' lang='lat' dir='ltr'><strong>dubiae</strong></span> <span class='ocrx_word' id='word_1_141' title='bbox 1692 1267 1823 1332; x_wconf 89' lang='lat' dir='ltr'><strong>aput</strong></span> 
     </span>
     <span class='ocr_line' id='line_1_18' title="bbox 115 1336 1824 1410; baseline -0.002 -18"><span class='ocrx_word' id='word_1_142' title='bbox 115 1339 363 1393; x_wconf 88' lang='lat' dir='ltr'><strong>homines</strong></span> <span class='ocrx_word' id='word_1_143' title='bbox 417 1341 687 1410; x_wconf 89' lang='lat' dir='ltr'><strong>opinionis</strong></span> <span class='ocrx_word' id='word_1_144' title='bbox 744 1341 838 1410; x_wconf 89' lang='lat' dir='ltr'><strong>sit,</strong></span> <span class='ocrx_word' id='word_1_145' title='bbox 890 1340 1172 1409; x_wconf 87' lang='lat' dir='ltr'><strong>infamem,</strong></span> <span class='ocrx_word' id='word_1_146' title='bbox 1224 1358 1348 1394; x_wconf 91' lang='lat' dir='ltr'><strong>cum</strong></span> <span class='ocrx_word' id='word_1_147' title='bbox 1402 1338 1475 1392; x_wconf 86' lang='lat' dir='ltr'><strong>sit</strong></span> <span class='ocrx_word' id='word_1_148' title='bbox 1523 1336 1718 1406; x_wconf 90' lang='lat' dir='ltr'><strong>aliquis</strong></span> <span class='ocrx_word' id='word_1_149' title='bbox 1770 1340 1824 1390; x_wconf 88' lang='grc'><strong>81</strong></span> 
     </span>
     <span class='ocr_line' id='line_1_19' title="bbox 120 1409 1824 1485; baseline -0.002 -19"><span class='ocrx_word' id='word_1_150' title='bbox 120 1413 336 1483; x_wconf 91' lang='lat' dir='ltr'><strong>quidem</strong></span> <span class='ocrx_word' id='word_1_151' title='bbox 394 1413 459 1467; x_wconf 92' lang='lat' dir='ltr'><strong>de</strong></span> <span class='ocrx_word' id='word_1_152' title='bbox 520 1414 834 1469; x_wconf 87' lang='lat' dir='ltr'><strong>inlustribus</strong></span> <span class='ocrx_word' id='word_1_153' title='bbox 896 1414 1261 1485; x_wconf 83' lang='lat' dir='ltr'><strong>philosophis,</strong></span> <span class='ocrx_word' id='word_1_154' title='bbox 1322 1413 1415 1484; x_wconf 91' lang='lat' dir='ltr'><strong>qui</strong></span> <span class='ocrx_word' id='word_1_155' title='bbox 1477 1412 1559 1466; x_wconf 87' lang='grc'>1111</span> <span class='ocrx_word' id='word_1_156' title='bbox 1621 1409 1824 1464; x_wconf 90' lang='lat' dir='ltr'><strong>indicat</strong></span> 
     </span>
     <span class='ocr_line' id='line_1_20' title="bbox 120 1487 1822 1573; baseline -0.001 -32"><span class='ocrx_word' id='word_1_157' title='bbox 120 1506 308 1559; x_wconf 85' lang='lat' dir='ltr'><strong>operas</strong></span> <span class='ocrx_word' id='word_1_158' title='bbox 348 1491 402 1541; x_wconf 88' lang='lat' dir='ltr'><strong>et</strong></span> <span class='ocrx_word' id='word_1_159' title='bbox 440 1490 714 1573; x_wconf 81' lang='lat' dir='ltr'><strong>tamquam</strong></span> <span class='ocrx_word' id='word_1_160' title='bbox 754 1490 942 1543; x_wconf 89' lang='lat' dir='ltr'><strong>utilem</strong></span> <span class='ocrx_word' id='word_1_161' title='bbox 980 1506 1042 1543; x_wconf 89' lang='grc'><strong>88</strong></span> <span class='ocrx_word' id='word_1_162' title='bbox 1073 1489 1293 1560; x_wconf 86' lang='lat' dir='ltr'><strong>spiritus</strong></span> <span class='ocrx_word' id='word_1_163' title='bbox 1326 1487 1822 1543; x_wconf 75' lang='lat' dir='ltr'><strong>subministrantem</strong></span> 
     </span>
     <span class='ocr_line' id='line_1_21' title="bbox 44 1560 1823 1634; baseline 0.001 -21"><span class='ocrx_word' id='word_1_164' title='bbox 44 1578 89 1612; x_wconf 73' lang='grc' dir='ltr'><strong>ιο</strong></span> <span class='ocrx_word' id='word_1_165' title='bbox 120 1563 176 1617; x_wconf 87' lang='grc'><strong>111</strong></span> <span class='ocrx_word' id='word_1_166' title='bbox 228 1563 456 1634; x_wconf 89' lang='lat' dir='ltr'><strong>proelia,</strong></span> <span class='ocrx_word' id='word_1_167' title='bbox 509 1563 567 1616; x_wconf 91' lang='lat' dir='ltr'><strong>in</strong></span> <span class='ocrx_word' id='word_1_168' title='bbox 618 1567 769 1618; x_wconf 89' lang='lat' dir='ltr'><strong>actus</strong></span> <span class='ocrx_word' id='word_1_169' title='bbox 823 1582 1024 1631; x_wconf 85' lang='lat' dir='ltr'><strong>rerum,</strong></span> <span class='ocrx_word' id='word_1_170' title='bbox 1079 1563 1146 1618; x_wconf 84' lang='lat' dir='ltr'><strong>ad</strong></span> <span class='ocrx_word' id='word_1_171' title='bbox 1203 1582 1385 1633; x_wconf 93' lang='lat' dir='ltr'><strong>omne,</strong></span> <span class='ocrx_word' id='word_1_172' title='bbox 1447 1560 1823 1631; x_wconf 91' lang='lat' dir='ltr'><strong>quodcumque</strong></span> 
     </span>
     <span class='ocr_line' id='line_1_22' title="bbox 119 1636 1880 1709; baseline -0.001 -16"><span class='ocrx_word' id='word_1_173' title='bbox 119 1639 296 1693; x_wconf 85' lang='lat' dir='ltr'><strong>calore</strong></span> <span class='ocrx_word' id='word_1_174' title='bbox 350 1637 532 1708; x_wconf 84' lang='lat' dir='ltr'><strong>aliquo</strong></span> <span class='ocrx_word' id='word_1_175' title='bbox 587 1637 878 1709; x_wconf 89' lang='lat' dir='ltr'><strong>gerendum</strong></span> <span class='ocrx_word' id='word_1_176' title='bbox 933 1641 1035 1707; x_wconf 88' lang='lat' dir='ltr'><strong>est,</strong></span> <span class='ocrx_word' id='word_1_177' title='bbox 1088 1642 1257 1694; x_wconf 80' lang='lat' dir='ltr'><strong>vocet.</strong></span> <span class='ocrx_word' id='word_1_178' title='bbox 1341 1655 1409 1691; x_wconf 94' lang='lat' dir='ltr'><strong>ne</strong></span> <span class='ocrx_word' id='word_1_179' title='bbox 1460 1654 1620 1706; x_wconf 90' lang='lat' dir='ltr'><strong>quem</strong></span> <span class='ocrx_word' id='word_1_180' title='bbox 1670 1636 1823 1690; x_wconf 88' lang='lat' dir='ltr'><strong>fallat</strong></span> <span class='ocrx_word' id='word_1_181' title='bbox 1854 1650 1880 1691; x_wconf 82' lang='grc'><strong>6</strong></span> 
     </span>
     <span class='ocr_line' id='line_1_23' title="bbox 118 1710 1823 1784; baseline -0.001 -17"><span class='ocrx_word' id='word_1_182' title='bbox 118 1716 395 1784; x_wconf 85' lang='lat' dir='ltr'><strong>tamquam</strong></span> <span class='ocrx_word' id='word_1_183' title='bbox 434 1713 618 1782; x_wconf 90' lang='lat' dir='ltr'><strong>aliquo</strong></span> <span class='ocrx_word' id='word_1_184' title='bbox 649 1715 913 1782; x_wconf 90' lang='lat' dir='ltr'><strong>tempore,</strong></span> <span class='ocrx_word' id='word_1_185' title='bbox 945 1713 1126 1783; x_wconf 92' lang='lat' dir='ltr'><strong>aliquo</strong></span> <span class='ocrx_word' id='word_1_186' title='bbox 1157 1714 1280 1769; x_wconf 93' lang='lat' dir='ltr'><strong>loco</strong></span> <span class='ocrx_word' id='word_1_187' title='bbox 1312 1710 1618 1783; x_wconf 87' lang='lat' dir='ltr'><strong>profutura,</strong></span> <span class='ocrx_word' id='word_1_188' title='bbox 1649 1715 1823 1766; x_wconf 89' lang='lat' dir='ltr'><strong>osten-</strong></span> 
     </span>
     <span class='ocr_line' id='line_1_24' title="bbox 120 1786 1824 1857; baseline 0.001 -17"><span class='ocrx_word' id='word_1_189' title='bbox 120 1786 292 1842; x_wconf 87' lang='lat' dir='ltr'><strong>denda</strong></span> <span class='ocrx_word' id='word_1_190' title='bbox 340 1791 423 1842; x_wconf 88' lang='lat' dir='ltr'><strong>est</strong></span> <span class='ocrx_word' id='word_1_191' title='bbox 472 1787 644 1841; x_wconf 87' lang='lat' dir='ltr'><strong>rabies</strong></span> <span class='ocrx_word' id='word_1_192' title='bbox 695 1787 809 1840; x_wconf 87' lang='lat' dir='ltr'><strong>eius</strong></span> <span class='ocrx_word' id='word_1_193' title='bbox 849 1787 1104 1842; x_wconf 74' lang='lat' dir='ltr'><strong>effrenata</strong></span> <span class='ocrx_word' id='word_1_194' title='bbox 1141 1791 1195 1843; x_wconf 91' lang='grc'><strong>81</strong></span> <span class='ocrx_word' id='word_1_195' title='bbox 1232 1786 1476 1841; x_wconf 90' lang='lat' dir='ltr'><strong>adtonita</strong></span> <span class='ocrx_word' id='word_1_196' title='bbox 1515 1789 1824 1857; x_wconf 87' lang='lat' dir='ltr'><strong>apparatus-</strong></span> 
     </span>
     <span class='ocr_line' id='line_1_25' title="bbox 122 1860 1824 1932; baseline 0.002 -19"><span class='ocrx_word' id='word_1_197' title='bbox 122 1877 223 1930; x_wconf 91' lang='lat' dir='ltr'><strong>que</strong></span> <span class='ocrx_word' id='word_1_198' title='bbox 285 1863 365 1916; x_wconf 88' lang='grc'>1111</span> <span class='ocrx_word' id='word_1_199' title='bbox 425 1861 724 1917; x_wconf 72' lang='lat' dir='ltr'><strong>reddendus</strong></span> <span class='ocrx_word' id='word_1_200' title='bbox 787 1865 869 1915; x_wconf 89' lang='lat' dir='ltr'><strong>est</strong></span> <span class='ocrx_word' id='word_1_201' title='bbox 929 1879 1079 1932; x_wconf 87' lang='lat' dir='ltr'><strong>suus,</strong></span> <span class='ocrx_word' id='word_1_202' title='bbox 1140 1862 1309 1918; x_wconf 85' lang='lat' dir='ltr'><strong>eculei</strong></span> <span class='ocrx_word' id='word_1_203' title='bbox 1363 1863 1417 1914; x_wconf 89' lang='lat' dir='ltr'><strong>et</strong></span> <span class='ocrx_word' id='word_1_204' title='bbox 1470 1860 1715 1916; x_wconf 88' lang='lat' dir='ltr'><strong>fidiculae</strong></span> <span class='ocrx_word' id='word_1_205' title='bbox 1770 1865 1824 1916; x_wconf 90' lang='lat' dir='ltr'><strong>et</strong></span> 
     </span>
     <span class='ocr_line' id='line_1_26' title="bbox 47 1935 1822 2022; baseline 0 -32"><span class='ocrx_word' id='word_1_206' title='bbox 47 1948 91 1983; x_wconf 72' lang='lat'><strong>²⁸</strong></span> <span class='ocrx_word' id='word_1_207' title='bbox 121 1937 389 2005; x_wconf 82' lang='lat' dir='ltr'><strong>ergastula</strong></span> <span class='ocrx_word' id='word_1_208' title='bbox 437 1941 492 1991; x_wconf 90' lang='lat' dir='ltr'><strong>et</strong></span> <span class='ocrx_word' id='word_1_209' title='bbox 540 1954 722 1992; x_wconf 83' lang='lat' dir='ltr'><strong>cruces</strong></span> <span class='ocrx_word' id='word_1_210' title='bbox 774 1939 828 1989; x_wconf 89' lang='grc'><strong>81</strong></span> <span class='ocrx_word' id='word_1_211' title='bbox 876 1937 1190 1991; x_wconf 87' lang='lat' dir='ltr'><strong>circumdati</strong></span> <span class='ocrx_word' id='word_1_212' title='bbox 1236 1935 1461 1990; x_wconf 87' lang='lat' dir='ltr'><strong>defossis</strong></span> <span class='ocrx_word' id='word_1_213' title='bbox 1507 1937 1822 2022; x_wconf 85' lang='lat' dir='ltr'><strong>corporibus</strong></span> 
     </span>
     <span class='ocr_line' id='line_1_27' title="bbox 123 2007 1823 2095; baseline 0.002 -34"><span class='ocrx_word' id='word_1_214' title='bbox 123 2007 273 2079; x_wconf 85' lang='lat' dir='ltr'><strong>ignes</strong></span> <span class='ocrx_word' id='word_1_215' title='bbox 318 2014 372 2063; x_wconf 88' lang='lat' dir='ltr'><strong>et</strong></span> <span class='ocrx_word' id='word_1_216' title='bbox 416 2011 675 2066; x_wconf 79' lang='lat' dir='ltr'><strong>cadavera</strong></span> <span class='ocrx_word' id='word_1_217' title='bbox 713 2028 928 2095; x_wconf 84' lang='grc'>880888</span> <span class='ocrx_word' id='word_1_218' title='bbox 968 2011 1185 2066; x_wconf 88' lang='lat' dir='ltr'><strong>trahens</strong></span> <span class='ocrx_word' id='word_1_219' title='bbox 1224 2027 1419 2079; x_wconf 83' lang='lat' dir='ltr'><strong>uncus,</strong></span> <span class='ocrx_word' id='word_1_220' title='bbox 1455 2010 1604 2063; x_wconf 81' lang='lat' dir='ltr'><strong>varia</strong></span> <span class='ocrx_word' id='word_1_221' title='bbox 1640 2012 1823 2066; x_wconf 80' lang='lat' dir='ltr'><strong>vincu-</strong></span> 
     </span>
     <span class='ocr_line' id='line_1_28' title="bbox 122 2082 1823 2169; baseline 0.003 -34"><span class='ocrx_word' id='word_1_222' title='bbox 122 2082 298 2136; x_wconf 90' lang='lat' dir='ltr'><strong>lorum</strong></span> <span class='ocrx_word' id='word_1_223' title='bbox 348 2102 566 2156; x_wconf 89' lang='lat' dir='ltr'><strong>genera,</strong></span> <span class='ocrx_word' id='word_1_224' title='bbox 613 2086 763 2139; x_wconf 78' lang='lat' dir='ltr'><strong>varia</strong></span> <span class='ocrx_word' id='word_1_225' title='bbox 807 2103 1126 2157; x_wconf 91' lang='lat' dir='ltr'><strong>poenarum,</strong></span> <span class='ocrx_word' id='word_1_226' title='bbox 1169 2084 1519 2169; x_wconf 88' lang='lat' dir='ltr'><strong>lacerationes</strong></span> <span class='ocrx_word' id='word_1_227' title='bbox 1559 2086 1823 2140; x_wconf 90' lang='lat' dir='ltr'><strong>membro-</strong></span> 
     </span>
     <span class='ocr_line' id='line_1_29' title="bbox 123 2158 1821 2231; baseline 0.002 -22"><span class='ocrx_word' id='word_1_228' title='bbox 123 2174 267 2224; x_wconf 89' lang='lat' dir='ltr'><strong>rum,</strong></span> <span class='ocrx_word' id='word_1_229' title='bbox 331 2158 704 2231; x_wconf 82' lang='lat' dir='ltr'><strong>inscriptiones</strong></span> <span class='ocrx_word' id='word_1_230' title='bbox 774 2160 967 2213; x_wconf 88' lang='lat' dir='ltr'><strong>frontis</strong></span> <span class='ocrx_word' id='word_1_231' title='bbox 1030 2164 1083 2214; x_wconf 91' lang='lat' dir='ltr'><strong>et</strong></span> <span class='ocrx_word' id='word_1_232' title='bbox 1144 2161 1436 2216; x_wconf 83' lang='lat' dir='ltr'><strong>bestiarum</strong></span> <span class='ocrx_word' id='word_1_233' title='bbox 1505 2159 1821 2214; x_wconf 89' lang='lat' dir='ltr'><strong>immanium</strong></span> 
     </span>
     <span class='ocr_line' id='line_1_30' title="bbox 123 2234 1820 2291; baseline 0.002 -6"><span class='ocrx_word' id='word_1_234' title='bbox 123 2247 335 2285; x_wconf 80' lang='lat' dir='ltr'><strong>caveae:</strong></span> <span class='ocrx_word' id='word_1_235' title='bbox 404 2235 541 2289; x_wconf 73' lang='lat' dir='ltr'><strong>inter</strong></span> <span class='ocrx_word' id='word_1_236' title='bbox 588 2235 721 2290; x_wconf 90' lang='lat' dir='ltr'><strong>haec</strong></span> <span class='ocrx_word' id='word_1_237' title='bbox 772 2235 1128 2290; x_wconf 83' lang='lat' dir='ltr'><strong>instrumenta</strong></span> <span class='ocrx_word' id='word_1_238' title='bbox 1171 2236 1467 2291; x_wconf 86' lang='lat' dir='ltr'><strong>collocetur</strong></span> <span class='ocrx_word' id='word_1_239' title='bbox 1516 2234 1595 2289; x_wconf 89' lang='lat' dir='ltr'><strong>ira</strong></span> <span class='ocrx_word' id='word_1_240' title='bbox 1646 2234 1820 2289; x_wconf 91' lang='lat' dir='ltr'><strong>dirum</strong></span> 
     </span>
    </p>
   </div>
   <div class='ocr_carea' id='block_1_3' title="bbox 49 2304 1821 2435">
    <p class='ocr_par' dir='ltr' id='par_1_3' title="bbox 49 2304 1821 2434">
     <span class='ocr_line' id='line_1_31' title="bbox 49 2304 1821 2380; baseline 0.004 -24"><span class='ocrx_word' id='word_1_241' title='bbox 49 2320 95 2356; x_wconf 73' lang='lat' dir='ltr'><strong>so</strong></span> <span class='ocrx_word' id='word_1_242' title='bbox 125 2304 377 2375; x_wconf 86' lang='lat' dir='ltr'><strong>quiddam</strong></span> <span class='ocrx_word' id='word_1_243' title='bbox 433 2311 591 2378; x_wconf 83' lang='lat' dir='ltr'><strong>atque</strong></span> <span class='ocrx_word' id='word_1_244' title='bbox 639 2308 917 2364; x_wconf 87' lang='lat' dir='ltr'><strong>horridum</strong></span> <span class='ocrx_word' id='word_1_245' title='bbox 969 2310 1223 2380; x_wconf 82' lang='lat' dir='ltr'><strong>stridens,</strong></span> <span class='ocrx_word' id='word_1_246' title='bbox 1261 2308 1509 2364; x_wconf 88' lang='lat' dir='ltr'><strong>omnibus</strong></span> <span class='ocrx_word' id='word_1_247' title='bbox 1548 2328 1644 2380; x_wconf 91' lang='lat' dir='ltr'><strong>per</strong></span> <span class='ocrx_word' id='word_1_248' title='bbox 1683 2328 1821 2380; x_wconf 87' lang='lat' dir='ltr'><strong>quae</strong></span> 
     </span>
     <span class='ocr_line' id='line_1_32' title="bbox 125 2379 527 2435; baseline 0 -1"><span class='ocrx_word' id='word_1_249' title='bbox 125 2379 256 2434; x_wconf 80' lang='lat' dir='ltr'><strong>furit</strong></span> <span class='ocrx_word' id='word_1_250' title='bbox 294 2382 527 2435; x_wconf 82' lang='lat' dir='ltr'><strong>taetrior.</strong></span> 
     </span>
    </p>
   </div>
   <div class='ocr_carea' id='block_1_4' title="bbox 123 2539 1824 2784">
    <p class='ocr_par' dir='ltr' id='par_1_4' title="bbox 123 2539 1824 2784">
     <span class='ocr_line' id='line_1_33' title="bbox 275 2539 1823 2608; baseline 0.003 -23"><span class='ocrx_word' id='word_1_251' title='bbox 275 2540 299 2586; x_wconf 90' lang='lat'>1</span> <span class='ocrx_word' id='word_1_252' title='bbox 327 2539 615 2608; x_wconf 80' lang='lat' dir='ltr'><strong>inertemque</strong></span> <span class='ocrx_word' id='word_1_253' title='bbox 639 2546 682 2591; x_wconf 93' lang='lat' dir='ltr'><strong><em>L</em></strong></span> <span class='ocrx_word' id='word_1_254' title='bbox 709 2550 751 2591; x_wconf 79' lang='lat' dir='ltr'><strong>et</strong></span> <span class='ocrx_word' id='word_1_255' title='bbox 776 2545 891 2604; x_wconf 75' lang='grc'>8019.</span> <span class='ocrx_word' id='word_1_256' title='bbox 917 2544 1234 2604; x_wconf 87' lang='lat' dir='ltr'><strong>inermemque</strong></span> <span class='ocrx_word' id='word_1_257' title='bbox 1258 2546 1331 2600; x_wconf 91' lang='lat' dir='ltr'><strong>A;</strong></span> <span class='ocrx_word' id='word_1_258' title='bbox 1353 2557 1418 2590; x_wconf 78' lang='lat' dir='ltr'><strong>an</strong></span> <span class='ocrx_word' id='word_1_259' title='bbox 1442 2542 1785 2603; x_wconf 81' lang='lat' dir='ltr'><strong>enervemque?</strong></span> <span class='ocrx_word' id='word_1_260' title='bbox 1806 2543 1823 2602; x_wconf 93' lang='grc' dir='ltr'><strong>ΙΙ</strong></span> 
     </span>
     <span class='ocr_line' id='line_1_34' title="bbox 123 2580 1824 2675; baseline 0.005 -28"><span class='ocrx_word' id='word_1_261' title='bbox 123 2600 155 2647; x_wconf 83' lang='grc'><strong>8</strong></span> <span class='ocrx_word' id='word_1_262' title='bbox 184 2602 233 2647; x_wconf 85' lang='grc'><strong>81</strong></span> <span class='ocrx_word' id='word_1_263' title='bbox 263 2599 438 2645; x_wconf 76' lang='lat' dir='ltr'><strong>furenti</strong></span> <span class='ocrx_word' id='word_1_264' title='bbox 470 2602 514 2647; x_wconf 88' lang='lat' dir='ltr'><em>L</em></span> <span class='ocrx_word' id='word_1_265' title='bbox 546 2608 586 2647; x_wconf 76' lang='lat' dir='ltr'><strong>et</strong></span> <span class='ocrx_word' id='word_1_266' title='bbox 616 2604 727 2663; x_wconf 70' lang='grc'>8019.</span> <span class='ocrx_word' id='word_1_267' title='bbox 763 2604 980 2651; x_wconf 77' lang='lat' dir='ltr'><strong>effurenti</strong></span> <span class='ocrx_word' id='word_1_268' title='bbox 1005 2606 1050 2650; x_wconf 88' lang='lat' dir='ltr'><strong><em>A</em></strong></span> <span class='ocrx_word' id='word_1_269' title='bbox 1080 2606 1097 2663; x_wconf 90' lang='grc' dir='ltr'><strong>ΙΙ</strong></span> <span class='ocrx_word' id='word_1_270' title='bbox 1125 2605 1157 2651; x_wconf 76' lang='grc'>9</span> <span class='ocrx_word' id='word_1_271' title='bbox 1186 2580 1485 2675; x_wconf 73' lang='lat' dir='ltr'><strong>mandlsseuit</strong></span> <span class='ocrx_word' id='word_1_272' title='bbox 1507 2607 1552 2651; x_wconf 89' lang='lat' dir='ltr'><strong><em>A</em></strong></span> <span class='ocrx_word' id='word_1_273' title='bbox 1577 2606 1710 2663; x_wconf 73' lang='lat' dir='ltr'><strong>(erae</strong></span> <span class='ocrx_word' id='word_1_274' title='bbox 1737 2604 1776 2660; x_wconf 88' lang='grc'><strong>8)</strong></span> <span class='ocrx_word' id='word_1_275' title='bbox 1806 2610 1824 2654; x_wconf 89' lang='grc' dir='ltr'><strong>ΙΙ</strong></span> 
     </span>
     <span class='ocr_line' id='line_1_35' title="bbox 125 2620 1822 2750; baseline -0.001 -43"><span class='ocrx_word' id='word_1_276' title='bbox 125 2659 185 2707; x_wconf 76' lang='grc'><strong>18</strong></span> <span class='ocrx_word' id='word_1_277' title='bbox 222 2660 533 2717; x_wconf 70' lang='lat' dir='ltr'><strong>sinistraeque</strong></span> <span class='ocrx_word' id='word_1_278' title='bbox 572 2620 718 2708; x_wconf 60' lang='grc'>881119</span> <span class='ocrx_word' id='word_1_279' title='bbox 716 2665 840 2710; x_wconf 80' lang='lat' dir='ltr'><strong>uires</strong></span> <span class='ocrx_word' id='word_1_280' title='bbox 873 2666 921 2709; x_wconf 89' lang='lat' dir='ltr'><strong>et</strong></span> <span class='ocrx_word' id='word_1_281' title='bbox 951 2664 995 2710; x_wconf 86' lang='lat' dir='ltr'><em>L</em></span> <span class='ocrx_word' id='word_1_282' title='bbox 1025 2670 1077 2710; x_wconf 78' lang='lat' dir='ltr'><strong>ut</strong></span> <span class='ocrx_word' id='word_1_283' title='bbox 1106 2665 1220 2750; x_wconf 65' lang='lat' dir='ltr'><strong>vola.</strong></span> <span class='ocrx_word' id='word_1_284' title='bbox 1254 2664 1416 2709; x_wconf 84' lang='grc'>81111811·</span> <span class='ocrx_word' id='word_1_285' title='bbox 1443 2678 1496 2721; x_wconf 80' lang='grc' dir='ltr'><strong>8ς</strong></span> <span class='ocrx_word' id='word_1_286' title='bbox 1535 2666 1646 2710; x_wconf 84' lang='lat' dir='ltr'><strong>sunt</strong></span> <span class='ocrx_word' id='word_1_287' title='bbox 1674 2662 1822 2707; x_wconf 89' lang='lat' dir='ltr'><strong>uires-</strong></span> 
     </span>
     <span class='ocr_line' id='line_1_36' title="bbox 126 2719 1819 2784; baseline -0.001 -18"><span class='ocrx_word' id='word_1_288' title='bbox 126 2723 235 2766; x_wconf 79' lang='grc'>88111</span> <span class='ocrx_word' id='word_1_289' title='bbox 257 2720 295 2766; x_wconf 69' lang='lat' dir='ltr'><strong>sc</strong></span> <span class='ocrx_word' id='word_1_290' title='bbox 320 2719 692 2781; x_wconf 54' lang='grc'>14181818118888</span> <span class='ocrx_word' id='word_1_291' title='bbox 715 2725 838 2770; x_wconf 82' lang='lat' dir='ltr'><strong>uires</strong></span> <span class='ocrx_word' id='word_1_292' title='bbox 863 2726 973 2769; x_wconf 79' lang='lat' dir='ltr'><strong>sunt</strong></span> <span class='ocrx_word' id='word_1_293' title='bbox 997 2723 1034 2769; x_wconf 73' lang='lat' dir='ltr'><strong>sc</strong></span> <span class='ocrx_word' id='word_1_294' title='bbox 1059 2724 1128 2770; x_wconf 76' lang='lat' dir='ltr'><strong>A‘</strong></span> <span class='ocrx_word' id='word_1_295' title='bbox 1147 2725 1166 2783; x_wconf 90' lang='grc' dir='ltr'><strong>ΙΙ</strong></span> <span class='ocrx_word' id='word_1_296' title='bbox 1187 2723 1247 2770; x_wconf 75' lang='lat'><strong>24</strong></span> <span class='ocrx_word' id='word_1_297' title='bbox 1271 2723 1427 2768; x_wconf 83' lang='lat' dir='ltr'><strong>fiducu</strong></span> <span class='ocrx_word' id='word_1_298' title='bbox 1446 2737 1472 2784; x_wconf 71' lang='grc'><strong>8</strong></span> <span class='ocrx_word' id='word_1_299' title='bbox 1496 2726 1542 2771; x_wconf 89' lang='lat' dir='ltr'><strong><em>A</em></strong></span> <span class='ocrx_word' id='word_1_300' title='bbox 1564 2725 1581 2783; x_wconf 85' lang='grc' dir='ltr'><strong>ΙΙ</strong></span> <span class='ocrx_word' id='word_1_301' title='bbox 1602 2722 1663 2768; x_wconf 76' lang='lat'><strong>80</strong></span> <span class='ocrx_word' id='word_1_302' title='bbox 1680 2721 1819 2782; x_wconf 68' lang='lat' dir='ltr'><strong>ssatq5</strong></span> 
     </span>
    </p>
   </div>
   <div class='ocr_carea' id='block_1_5' title="bbox 121 2780 1801 2897">
    <p class='ocr_par' dir='ltr' id='par_1_5' title="bbox 121 2780 1801 2897">
     <span class='ocr_line' id='line_1_37' title="bbox 121 2780 1801 2897; baseline 0 -71"><span class='ocrx_word' id='word_1_303' title='bbox 121 2780 561 2897; x_wconf 30' lang='lat' dir='ltr'><strong>stlorgiduhigffgg?</strong></span> <span class='ocrx_word' id='word_1_304' title='bbox 592 2782 644 2825; x_wconf 77' lang='lat' dir='ltr'><strong>in</strong></span> <span class='ocrx_word' id='word_1_305' title='bbox 674 2786 1089 2838; x_wconf 67' lang='grc' dir='ltr'>ναε.1ηαιόνε,·ε.τ</span> <span class='ocrx_word' id='word_1_306' title='bbox 1119 2784 1187 2830; x_wconf 87' lang='lat' dir='ltr'><strong>A¹</strong></span> <span class='ocrx_word' id='word_1_307' title='bbox 1217 2784 1447 2841; x_wconf 56' lang='lat' dir='ltr'><strong>scriptura</strong></span> <span class='ocrx_word' id='word_1_308' title='bbox 1483 2785 1595 2829; x_wconf 80' lang='lat' dir='ltr'><strong>haec</strong></span> <span class='ocrx_word' id='word_1_309' title='bbox 1627 2786 1801 2827; x_wconf 72' lang='lat' dir='ltr'><strong>restant</strong></span> 
     </span>
    </p>
   </div>
  </div>
 </body>
</html>
