2028 3106
196 87 306 141 254
523 85 572 129 L.
598 84 833 129 ANNAEI
865 84 1137 130 SENECAE
1168 85 1325 130 DIAL.
1351 86 1461 131 LIB.
1486 86 1562 133 IX.

196 210 288 259 aut
327 207 469 260 sufes
509 205 877 260 administrare
913 225 1026 260 rem
1065 207 1349 276 publicam.
1414 208 1542 277 quid
1581 209 1627 263 si
1657 210 1887 263 militare

192 282 333 335 nolis
402 280 507 335 nisi
566 281 857 350 imperator
924 284 1018 334 aut
1075 281 1359 335 tribunus?
1457 283 1617 337 etiam
1687 284 1733 337 si
1769 285 1887 338 'alii

194 357 423 425 primam
460 355 693 408 frontem
731 356 1008 424 tenebunt,
1054 358 1107 409 te
1147 375 1260 410 sors
1299 356 1440 409 inter
1476 357 1689 412 triarios
1728 377 1886 428 posu-

194 431 314 499 erit,
364 429 486 482 inde
525 448 679 498 voce,
724 430 1117 499 adhortatione,
1165 431 1410 500 exemplo
1418 473 1433 500 ,
1481 432 1659 484 animo
1693 433 1885 486 miJita:

191 505 445 574 praecisis
485 522 697 573 quoque
735 505 979 558 manibus
1018 504 1110 557 ille
1148 505 1204 557 in
1242 506 1447 575 proelio
1479 506 1704 575 invenit,
1745 507 1886 575 quod
1940 525 1959 558 5

191 579 434 648 partibus
488 578 746 648 conferat,
809 580 903 648 qui
957 580 1064 631 stat
1114 581 1295 633 tamen
1349 583 1402 633 et
1448 581 1680 634 clamore
1725 581 1884 634 iuvat.

134 668 158 707 6
190 654 297 706 tale
344 652 598 721 quiddam
644 653 831 707 facias:
878 653 924 706 si
964 671 995 705 a
1032 653 1207 722 prima
1244 657 1297 707 te
1335 655 1413 707 rei
1450 655 1698 724 publicae
1736 659 1886 724 parte

189 727 408 780 fortuna
452 728 824 797 summoverit,
877 730 983 780 stes
1029 731 1210 780 tamen
1255 730 1308 781 et
1354 729 1583 783 clamore
1629 730 1779 783 iuves
1819 734 1886 799 et,

191 802 237 854 si
294 801 413 870 quis
470 802 649 857 fauces
737 801 1085 872 oppresserit,
1152 805 1258 855 stes
1324 805 1502 856 tamen
1564 807 1618 858 et
1672 803 1884 858 silentio

188 876 352 930 iuves,
412 895 706 946 numquam
744 877 952 931 inutilis
992 880 1074 930 est
1112 895 1274 946 opera
1314 877 1443 932 civis
1481 878 1632 931 boni:
1672 879 1884 933 auditus
1917 898 1959 930 ιο

188 950 464 1021 visusque,
515 953 690 1019 voltu,
742 953 900 1020 nutu,
956 951 1314 1005 obstinatione
1359 952 1525 1006 tacita
1570 954 1884 1023 incessuque

132 1039 156 1080 7
187 1024 306 1095 ipso
346 1026 576 1096 prodest.
638 1029 700 1079 ut
732 1026 984 1079 salutaria
1015 1028 1293 1095 quaedam,
1334 1045 1469 1096 quae
1502 1027 1636 1080 citra
1668 1031 1883 1098 gustum

186 1102 496 1170 tactumque
535 1101 696 1155 odore
734 1101 1046 1170 proficiunt,
1084 1102 1160 1154 ita
1197 1101 1368 1155 virtus
1406 1102 1694 1155 utilitatem
1725 1103 1884 1156 etiam

187 1194 252 1228 ex
299 1175 598 1247 longinquo
646 1178 700 1229 et
750 1176 922 1229 latens
972 1175 1162 1228 fundit.
1252 1176 1364 1229 sive
1415 1176 1678 1246 spatiatur
1726 1180 1780 1230 ct
1829 1195 1883 1230 se

185 1251 356 1303 utitur
394 1269 490 1304 suo
530 1250 669 1319 iure,
711 1250 822 1304 sive
859 1250 1127 1320 precarios
1165 1250 1329 1303 habet
1366 1269 1611 1305 excessus
1651 1252 1882 1323 cogitur·
1915 1268 1956 1302 15

187 1342 289 1394 que
345 1325 465 1378 vela
513 1323 846 1393 contrahere,
905 1324 1017 1378 sive
1068 1323 1241 1378 otiosa
1290 1328 1543 1394 mutaque
1593 1329 1675 1379 est
1723 1329 1776 1379 et
1825 1327 1883 1380 ‘in

185 1401 414 1470 angusto
469 1399 877 1468 circumsaepta,
940 1399 1051 1453 sive
1105 1398 1377 1468 adaperta,
1438 1399 1496 1453 in
1546 1417 1883 1469 quocumque

53 1537 56 1541 ι
183 1473 372 1527 habitu
411 1477 511 1543 est,
550 1473 778 1544 proficit.
849 1473 979 1543 quid
1016 1476 1078 1526 tu
1116 1492 1306 1544 parum
1344 1474 1476 1528 utile
1514 1477 1671 1544 putas
1712 1493 1883 1528 exem-

50 1550 60 1606 1
126 1560 153 1602 8
183 1548 335 1618 plum
395 1549 529 1602 bene
588 1547 944 1619 quiescentis?
1032 1549 1192 1620 longe
1245 1549 1427 1618 itaque
1481 1548 1746 1619 optimum
1803 1553 1882 1603 est

185 1623 407 1677 miscere
462 1623 631 1676 otium
684 1623 865 1693 rebus,
919 1623 1166 1692 quotiens
1222 1626 1443 1678 actuosa
1494 1624 1607 1677 vita
1660 1624 1880 1694 impedi·
1911 1641 1955 1675 πο

183 1697 377 1751 mentis
427 1697 665 1752 fortuitis
716 1701 810 1751 aut
855 1698 1088 1752 civitatis
1128 1698 1442 1752 condicione
1480 1697 1880 1768 prohibebitur3

182 1791 475 1843 numquam
525 1773 668 1826 enim
714 1790 883 1843 usque
941 1791 1004 1826 eo
1054 1773 1344 1827 interclusa
1400 1775 1527 1827 sunt
1573 1772 1774 1843 omnia,
1819 1778 1881 1826 ut

180 1848 319 1901 nulli
357 1847 558 1902 actioni
593 1848 744 1901 locus
782 1848 1037 1902 honestae
1076 1847 1161 1901 sit.

125 1935 148 1974 1
331 1921 396 1976 V.
457 1920 737 1991 Numquid
797 1925 951 1992 potes
1013 1922 1251 1976 invenire
1311 1922 1498 1975 urbem
1552 1922 1879 1976 miseriorem

184 2014 343 2064 quam
392 1995 804 2050 Atheniensium
857 1996 962 2050 fuit
968 2038 982 2065 ,
1034 2014 1155 2050 cum
1209 1997 1358 2050 illam
1403 1996 1627 2068 triginta
1664 1997 1879 2066 tyranni
1911 2013 1953 2046 25

183 2070 530 2125 divellerent?
597 2071 744 2124 mille
782 2074 1047 2125 trecentos
1088 2072 1251 2139 cives,
1293 2071 1558 2141 optimum
1598 2089 1876 2140 quemque,

183 2145 486 2200 occiderant
533 2164 632 2200 nec
681 2146 844 2200 finem
882 2146 1002 2200 ideo
1053 2146 1338 2215 faciebant,
1391 2145 1483 2199 sed
1529 2146 1784 2199 inritabat
1823 2165 1878 2199 se

181 2221 316 2305 ipsa
347 2221 580 2275 saevitia.
659 2221 717 2274 in
763 2239 868 2290 qua
907 2222 1121 2275 civitate
1161 2224 1273 2275 erat
1310 2219 1481 2274 Areos
1520 2239 1712 2292 pagos,
1759 2221 1877 2274 reli-

181 2294 542 2366 giosissimum
609 2295 888 2365 iudicium,
964 2296 1022 2349 in
1091 2313 1195 2364 qua
1263 2298 1476 2350 senatus
1537 2295 1875 2365 populusque

181 2373 369 2423 senatu
400 2369 612 2439 similis,
644 2371 822 2424 coibat
852 2370 1047 2424 cotidie
1079 2371 1389 2424 carnificum
1412 2370 1565 2423 triste
1590 2370 1874 2440 collegium
1909 2386 1952 2419 30

328 2486 357 2532 8
389 2486 591 2532 clamore
615 2488 842 2533 Erasmus
874 2487 995 2532 clam
1019 2487 1065 2532 A
1095 2487 1111 2546 Η
1140 2486 1199 2532 10
1223 2487 1413 2531 auditus
1435 2487 1654 2543 visusque
1679 2486 1876 2544 Madvig]

181 2546 441 2606 adituslest
466 2547 651 2603 uisnsq,
677 2547 746 2592 A¹
769 2546 1059 2607 adituslejus
1081 2547 1266 2604 uisusq3
1290 2546 1361 2592 A²
1385 2545 1573 2590 auditus
1604 2546 1694 2591 iste
1724 2546 1874 2590 uisus-

180 2619 270 2662 que
306 2606 440 2651 Gertz
468 2606 484 2666 ΙΙ
522 2606 580 2651 12
611 2607 865 2662 quaedam,
899 2620 1020 2664 quae
1051 2607 1106 2652 P.
1137 2607 1331 2652 Thomas
1361 2619 1482 2662 quae
1505 2607 1551 2651 A
1583 2605 1815 2675 quaedam
1847 2616 1875 2649 ς

181 2664 297 2720 alia,
341 2679 461 2722 quae
501 2667 678 2712 Hosius
718 2666 734 2726 ΙΙ
778 2666 838 2712 14
874 2665 1044 2711 fundit
1101 2666 1247 2711 Sive
1282 2703 1291 2711 .
1325 2666 1575 2723 adaperta,
1619 2666 1670 2709 in
1708 2666 1871 2722 interp.

181 2726 379 2783 Madviy
417 2725 594 2782 fundit,
643 2727 738 2770 sive
772 2761 780 2770 .
815 2763 823 2771 .
866 2726 1114 2783 adaperta:
1168 2726 1219 2770 in
1256 2727 1370 2784 voly.
1418 2726 1434 2786 Η
1478 2725 1538 2770 16
1578 2726 1630 2770 111
1672 2726 1871 2783 angusto

179 2787 233 2830 P.
265 2785 459 2830 Thomas
487 2785 690 2843 angusto
714 2787 761 2831 A
793 2787 890 2843 (cfr
923 2800 1022 2844 cap.
1053 2789 1196 2843 2,10)
1229 2786 1428 2844 anguste
1463 2785 1598 2831 Gertz
1627 2784 1644 2844 ΙΙ
1677 2784 1734 2829 18
1765 2797 1871 2841 pro-

178 2844 277 2889 ficit
303 2844 438 2890 Gertz
474 2846 625 2902 prosit
647 2846 693 2890 A
723 2845 915 2902 prodest
944 2847 1058 2904 voly.
1083 2860 1139 2891 ex
1161 2856 1189 2890 ς
1219 2860 1283 2891 an
1313 2844 1564 2903 profuit?
1561 2848 1564 2883 Ι
1602 2845 1716 2901 quid
1746 2845 1801 2888 tu
1825 2843 1871 2887 A

179 2904 322 2961 quid?
368 2905 422 2949 tu
451 2906 564 2963 voly.
597 2905 613 2964 Η
641 2905 702 2950 30
733 2906 922 2950 senatus
957 2905 1092 2951 Gertz
