2034 3086
208 89 278 145 86
537 87 586 130 L.
611 85 848 131 ANNAEI
878 78 1153 132 SENECAE
1184 87 1341 134 DIAL.
1366 89 1477 134 LIB.
1503 88 1583 136 IV.

207 208 288 262 ira
326 207 468 261 enim
505 207 785 276 perturbat
815 212 983 263 artem
1017 212 1070 263 et
1104 228 1210 278 qua
1239 213 1429 264 noceat
1458 214 1670 265 tantum
1702 211 1903 281 aspicit.

209 300 368 352 saepe
406 281 590 351 itaque
627 282 763 336 ratio
803 284 1120 353 patientiam
1160 283 1370 353 suadet,
1406 285 1485 339 ira
1515 285 1823 356 vindictam,
1854 291 1907 340 et

210 356 303 425 qui
353 355 541 426 primis
593 356 812 430 defungi
858 359 1013 412 malis
1055 358 1357 428 potuimus,
1393 359 1450 412 in
1488 361 1691 415 maiora
1730 361 1906 414 devol-

207 430 398 484 vimur.
477 431 734 500 quosdam
784 433 943 487 unius
993 433 1145 487 verbi
1199 434 1524 487 contumelia
1575 454 1686 493 non
1735 453 1905 505 aequo

209 504 388 558 animo
427 506 537 559 lata
573 506 631 559 in
669 507 890 561 exilium
928 508 1178 577 proiecit,
1221 509 1275 560 et
1315 507 1407 576 qui
1444 509 1617 563 levem
1654 510 1905 564 iniuriam
1961 527 1980 562 5

209 579 423 633 silentio
462 580 600 635 ferre
638 582 946 651 noluerant,
987 581 1316 653 gravissimis
1356 582 1510 635 malis
1551 584 1729 638 obruti
1766 587 1908 653 sunt,

207 654 577 726 indignatique
632 656 835 725 aliquid
891 675 956 709 ex
1008 656 1320 726 plenissima
1371 655 1618 711 libertate
1672 659 1907 713 deminui

208 730 397 783 servile
436 730 493 783 in
532 748 647 784 sese
686 731 1033 796 adtraxerunt
1070 732 1272 803 iugum.

354 833 471 888 XV.
515 833 620 888 ‘Vt
652 834 816 888 scias'
855 834 1034 904 inquit
1071 835 1227 889 eiram
1258 835 1456 889 habere
1487 834 1544 888 in
1577 852 1632 889 se
1663 838 1906 907 generosi

207 908 434 979 aliquid,
486 909 682 962 liberas
736 908 942 962 videbis
1005 913 1213 981 gentes,
1275 930 1410 980 quae
1472 910 1906 966 iracundissimae
1939 932 1981 964 10

206 987 355 1052 sunt,
409 986 472 1036 ut
526 981 818 1036 Germanos
874 986 927 1036 et
980 981 1243 1054 Scythas.'
1331 986 1476 1055 quod
1530 984 1730 1054 evenit,
1784 988 1907 1054 quia

205 1058 368 1111 fortia
423 1056 700 1126 solidaque
753 1060 946 1111 natura
998 1059 1235 1130 ingenia,
1290 1063 1576 1129 antequam
1630 1059 1908 1129 disciplina

205 1131 543 1200 molliantur,
593 1149 765 1200 prona
813 1131 871 1184 in
921 1131 1053 1186 iram
1100 1137 1238 1187 sunt.
1318 1134 1578 1203 quaedam
1619 1133 1761 1187 enim
1798 1152 1908 1187 non

204 1205 310 1259 nisi
387 1205 698 1259 melioribus
771 1205 1122 1262 innascuntur
1193 1208 1447 1279 ingeniis,
1527 1208 1666 1261 sicut
1733 1208 1909 1261 valida

206 1280 425 1333 arbusta
473 1281 615 1333 laeta
670 1282 911 1350 quamvis
964 1284 1204 1337 neclecta
1257 1283 1417 1335 tellus
1473 1285 1640 1352 creat,
1693 1286 1747 1336 et
1800 1284 1908 1336 alta
1940 1303 1980 1336 15

205 1355 421 1408 fecundi
469 1355 571 1408 soli
618 1354 753 1407 silva
791 1359 892 1409 est:
953 1357 1134 1428 itaque
1175 1361 1228 1411 et
1266 1356 1482 1427 ingenia
1519 1360 1710 1410 natura
1748 1358 1908 1411 fortia

204 1429 536 1484 iracundia-m
572 1428 752 1482 ferunt
781 1430 1021 1500 nihilque
1053 1437 1213 1486 tenue
1246 1433 1300 1484 et
1331 1431 1468 1484 exile
1501 1432 1720 1502 capiunt
1750 1433 1907 1504 ignea

205 1507 260 1558 et
308 1504 539 1574 fervida,
589 1503 681 1557 sed
720 1504 1044 1573 inperfectus
1084 1507 1191 1561 illis
1230 1506 1386 1576 vigor
1424 1509 1506 1559 est
1542 1510 1604 1560 ut
1643 1508 1908 1577 omnibuS,

206 1597 342 1648 quae
393 1579 507 1633 sine
558 1581 671 1632 arte
717 1578 886 1648 ipsius
932 1583 1142 1634 tantum
1180 1583 1403 1635 naturae
1441 1581 1584 1635 bono
1624 1586 1908 1654 exurgunt,

206 1654 298 1707 sed
336 1653 442 1706 nisi
481 1653 588 1707 cito
630 1653 835 1706 domita
873 1658 1021 1724 sunt,
1060 1674 1195 1725 quae
1234 1654 1540 1708 fortitudini
1578 1660 1703 1725 apta
1742 1659 1908 1725 erant,
1940 1675 1982 1708 20

206 1727 457 1781 audaciae
495 1727 895 1796 temeritatique
934 1732 1304 1784 consuescunt.
1384 1729 1547 1797 quid?
1617 1750 1728 1785 non
1766 1730 1908 1783 miti-

207 1801 388 1856 oribus
437 1802 629 1856 animis
676 1803 809 1856 vitia
853 1803 1058 1857 leniora
1097 1805 1383 1859 coniuncta
1422 1807 1569 1874 sunt,
1606 1809 1668 1859 ut
1705 1805 1907 1858 miseri-

206 1875 389 1930 cordia
421 1879 474 1929 et
506 1894 657 1929 amor
688 1880 742 1930 et
772 1879 1124 1933 verecundia?
1178 1880 1361 1948 itaque
1393 1895 1549 1948 saepe
1580 1880 1680 1933 tibi
1708 1880 1906 1933 bonam

205 1950 442 2004 indolem
497 1950 653 2003 malis
709 1969 923 2020 quoque
977 1954 1085 2007 suis
1141 1952 1443 2022 ostendam3
1494 1954 1584 2007 sed
1629 1972 1741 2008 non
1785 1954 1905 2008 ideo

205 2025 338 2079 vitia
368 2043 480 2079 non
511 2028 662 2089 sunt,
693 2025 738 2078 si
769 2029 989 2080 naturae
1021 2028 1256 2082 melioris
1288 2026 1485 2080 indicia
1516 2033 1654 2082 sunt.
1717 2029 1906 2083 deinde
1938 2046 1980 2080 25

2031 1701 2034 1733 ff

2029 1796 2034 1825 1

207 2118 393 2154 omnes
433 2100 568 2154 istae
606 2099 819 2153 feritate
854 2101 1051 2156 liberae
1082 2107 1269 2174 gentes
1299 2103 1517 2155 leonum
1548 2104 1906 2173 luporumque
2026 1997 2034 2143 i

203 2176 313 2228 ritu
367 2177 430 2229 ut
484 2174 682 2227 servire
735 2192 847 2227 non
895 2182 1145 2247 possunt,
1195 2178 1271 2230 ita
1320 2194 1419 2229 nec
1464 2177 1747 2248 imperare3
1796 2196 1907 2231 non
2022 2134 2034 2310 ξ

206 2250 348 2302 enim
410 2249 635 2302 humani
695 2248 807 2301 vim
860 2248 1085 2321 ingenii,
1146 2250 1238 2305 sed
1292 2250 1392 2302 feri
1447 2254 1500 2303 et
1552 2251 1905 2306 intractabilis

204 2322 430 2393 habent3
479 2342 638 2377 nemo
691 2326 870 2376 autem
920 2343 1103 2396 regere
1151 2327 1333 2395 potest
1382 2323 1485 2377 nisi
1536 2327 1629 2396 qui
1676 2329 1731 2380 et
1775 2323 1904 2395 regi.

206 2397 316 2450 fere
345 2397 526 2466 itaque
550 2398 777 2468 imperia
801 2416 961 2466 penes
995 2418 1084 2454 eos
1116 2400 1265 2454 fuere
1296 2400 1543 2470 populos,
1568 2400 1661 2470 qui
1692 2398 1905 2452 mitiore
1937 2417 1980 2449 30

302 2600 397 2645 ⁷1«
438 2602 632 2660 ptum-bat
678 2604 762 2660 A⁵,
816 2617 873 2648 ex
917 2604 986 2648 A·¹
1045 2607 1198 2663 script.
1261 2611 1504 2661 apparent.-
1565 2621 1683 2663 p...
1706 2603 1840 2649 .rbat
1890 2604 1906 2663 Η

204 2660 234 2706 2
268 2660 451 2706 suadet
492 2671 521 2705 ς
562 2668 604 2707 et
643 2665 757 2722 volq.
801 2663 998 2708 inuadet
1030 2666 1134 2711 AL
1179 2665 1195 2724 ΙΙ
1241 2663 1299 2707 15
1342 2663 1468 2709 laeta
1508 2666 1646 2711 Gertz
1689 2665 1737 2708 et
1778 2663 1904 2709 laeta

204 2722 309 2781 AL
345 2721 350 2780 Ι
387 2720 487 2764 alta
511 2722 556 2765 L
581 2722 779 2780 Madvig]
802 2722 899 2766 alia
922 2723 968 2767 A
994 2723 1010 2783 Η
1038 2724 1098 2769 20
1122 2726 1190 2779 et,
1215 2722 1307 2767 nisi
1332 2723 1467 2770 Gertz
1487 2739 1572 2770 scr.
1597 2724 1614 2784 ΙΙ
1639 2722 1696 2767 21
1721 2724 1903 2769 temeri-

205 2782 378 2837 tatique
408 2783 716 2825 consuescunt
740 2782 809 2826 A⁵
836 2795 892 2826 ex
915 2781 985 2826 A¹
1013 2785 1167 2840 script.
1191 2784 1560 2839 perspiciuntur:
1589 2782 1757 2827 temeri
1775 2818 1900 2828 .....
2025 2832 2034 2849 ι

208 2874 336 2884 .....
356 2841 577 2884 suescunt
628 2840 634 2898 Ι
676 2840 820 2896 quid?
862 2841 976 2898 voly.
1017 2843 1142 2898 quod
1173 2843 1219 2887 A
1261 2840 1277 2900 ΙΙ
1317 2841 1377 2886 26
1406 2843 1526 2888 istae
1557 2843 1671 2899 voly.
1706 2842 1810 2899 (iste
1841 2844 1901 2900 L)
2021 2849 2034 2896 'si

206 2898 347 2944 istinc
371 2899 440 2945 A⁵
468 2899 484 2958 ΙΙ
515 2898 574 2944 28
605 2899 701 2943 uim
734 2900 786 2944 in
816 2914 906 2944 ras.
933 2900 1003 2944 A⁵
2017 2897 2034 3086 Ξ
