<?xml version="1.0" encoding="UTF-8"?>
<!DOCTYPE html PUBLIC "-//W3C//DTD XHTML 1.0 Transitional//EN"
    "http://www.w3.org/TR/xhtml1/DTD/xhtml1-transitional.dtd">
<html xmlns="http://www.w3.org/1999/xhtml" xml:lang="en" lang="en">
 <head>
  <title>
</title>
<meta http-equiv="Content-Type" content="text/html;charset=utf-8" />
  <meta name='ocr-system' content='tesseract 3.04.00' />
  <meta name='ocr-capabilities' content='ocr_page ocr_carea ocr_par ocr_line ocrx_word'/>
</head>
<body>
  <div class='ocr_page' id='page_1' title='image "./f1operaquaesuper01seneuoft_0289.png"; bbox 0 0 2028 3106; ppageno 0'>
   <div class='ocr_carea' id='block_1_1' title="bbox 64 917 109 950">
    <p class='ocr_par' dir='ltr' id='par_1_1' title="bbox 64 917 109 950">
     <span class='ocr_line' id='line_1_1' title="bbox 64 917 109 950; baseline 0.022 -1"><span class='ocrx_word' id='word_1_1' title='bbox 64 917 109 950; x_wconf 82' lang='lat'><strong>1⁰</strong></span> 
     </span>
    </p>
   </div>
   <div class='ocr_carea' id='block_1_2' title="bbox 65 1290 108 1323">
    <p class='ocr_par' dir='ltr' id='par_1_2' title="bbox 65 1290 108 1323">
     <span class='ocr_line' id='line_1_2' title="bbox 65 1290 108 1323; baseline 0 0"><span class='ocrx_word' id='word_1_2' title='bbox 65 1290 108 1323; x_wconf 76' lang='lat'><strong>15</strong></span> 
     </span>
    </p>
   </div>
   <div class='ocr_carea' id='block_1_3' title="bbox 174 108 1843 168">
    <p class='ocr_par' dir='ltr' id='par_1_3' title="bbox 174 108 1843 168">
     <span class='ocr_line' id='line_1_3' title="bbox 174 108 1843 168; baseline 0.001 -13"><span class='ocrx_word' id='word_1_3' title='bbox 174 110 259 155; x_wconf 88' lang='lat' dir='ltr'><strong>AD</strong></span> <span class='ocrx_word' id='word_1_4' title='bbox 284 109 578 155; x_wconf 76' lang='lat' dir='ltr'>SERENVM</span> <span class='ocrx_word' id='word_1_5' title='bbox 600 109 682 154; x_wconf 87' lang='lat' dir='ltr'><strong>DE</strong></span> <span class='ocrx_word' id='word_1_6' title='bbox 706 108 1241 164; x_wconf 81' lang='lat' dir='ltr'>TRANQVILLITATE</span> <span class='ocrx_word' id='word_1_7' title='bbox 1257 108 1438 154; x_wconf 83' lang='lat' dir='ltr'><strong>ANIMI</strong></span> <span class='ocrx_word' id='word_1_8' title='bbox 1463 108 1589 155; x_wconf 90' lang='lat' dir='ltr'><strong><em>CAP.</em></strong></span> <span class='ocrx_word' id='word_1_9' title='bbox 1610 115 1663 156; x_wconf 88' lang='lat'><strong>11</strong></span> <span class='ocrx_word' id='word_1_10' title='bbox 1733 113 1843 168; x_wconf 82' lang='lat'><strong>265</strong></span> 
     </span>
    </p>
   </div>
   <div class='ocr_carea' id='block_1_4' title="bbox 137 230 1845 673">
    <p class='ocr_par' dir='ltr' id='par_1_4' title="bbox 137 230 1845 673">
     <span class='ocr_line' id='line_1_4' title="bbox 291 230 1842 302; baseline 0.001 -17"><span class='ocrx_word' id='word_1_11' title='bbox 291 230 381 285; x_wconf 86' lang='lat' dir='ltr'><strong>XI.</strong></span> <span class='ocrx_word' id='word_1_12' title='bbox 444 230 533 285; x_wconf 85' lang='lat' dir='ltr'><strong>Ad</strong></span> <span class='ocrx_word' id='word_1_13' title='bbox 581 231 904 302; x_wconf 77' lang='lat' dir='ltr'><strong>inperfectos</strong></span> <span class='ocrx_word' id='word_1_14' title='bbox 954 234 1008 284; x_wconf 89' lang='lat' dir='ltr'><strong>et</strong></span> <span class='ocrx_word' id='word_1_15' title='bbox 1058 231 1351 285; x_wconf 90' lang='lat' dir='ltr'><strong>mediocres</strong></span> <span class='ocrx_word' id='word_1_16' title='bbox 1402 235 1456 285; x_wconf 89' lang='lat' dir='ltr'><strong>et</strong></span> <span class='ocrx_word' id='word_1_17' title='bbox 1499 232 1640 286; x_wconf 91' lang='lat' dir='ltr'><strong>male</strong></span> <span class='ocrx_word' id='word_1_18' title='bbox 1685 250 1842 287; x_wconf 87' lang='lat' dir='ltr'><strong>sanos</strong></span> 
     </span>
     <span class='ocr_line' id='line_1_5' title="bbox 139 306 1844 376; baseline 0.001 -17"><span class='ocrx_word' id='word_1_19' title='bbox 139 306 230 359; x_wconf 86' lang='lat' dir='ltr'><strong>hic</strong></span> <span class='ocrx_word' id='word_1_20' title='bbox 266 324 416 360; x_wconf 89' lang='lat' dir='ltr'><strong>meus</strong></span> <span class='ocrx_word' id='word_1_21' title='bbox 457 325 631 360; x_wconf 88' lang='lat' dir='ltr'><strong>sermo</strong></span> <span class='ocrx_word' id='word_1_22' title='bbox 669 306 926 376; x_wconf 73' lang='lat' dir='ltr'><strong>pertinet,</strong></span> <span class='ocrx_word' id='word_1_23' title='bbox 961 323 1074 359; x_wconf 90' lang='lat' dir='ltr'><strong>non</strong></span> <span class='ocrx_word' id='word_1_24' title='bbox 1111 306 1179 359; x_wconf 90' lang='lat' dir='ltr'><strong>ad</strong></span> <span class='ocrx_word' id='word_1_25' title='bbox 1203 307 1513 376; x_wconf 76' lang='lat' dir='ltr'><strong>sapientem.</strong></span> <span class='ocrx_word' id='word_1_26' title='bbox 1575 306 1704 361; x_wconf 87' lang='lat' dir='ltr'><strong>huic</strong></span> <span class='ocrx_word' id='word_1_27' title='bbox 1731 326 1844 362; x_wconf 91' lang='lat' dir='ltr'><strong>non</strong></span> 
     </span>
     <span class='ocr_line' id='line_1_6' title="bbox 139 379 1842 451; baseline 0.002 -19"><span class='ocrx_word' id='word_1_28' title='bbox 139 380 328 434; x_wconf 79' lang='lat' dir='ltr'><strong>timide</strong></span> <span class='ocrx_word' id='word_1_29' title='bbox 374 399 475 434; x_wconf 91' lang='lat' dir='ltr'><strong>nec</strong></span> <span class='ocrx_word' id='word_1_30' title='bbox 518 380 902 450; x_wconf 83' lang='lat' dir='ltr'><strong>pedetemptim</strong></span> <span class='ocrx_word' id='word_1_31' title='bbox 940 379 1324 445; x_wconf 85' lang='lat' dir='ltr'><strong>ambulandum</strong></span> <span class='ocrx_word' id='word_1_32' title='bbox 1363 384 1467 451; x_wconf 88' lang='lat' dir='ltr'><strong>est3</strong></span> <span class='ocrx_word' id='word_1_33' title='bbox 1511 384 1662 434; x_wconf 87' lang='lat' dir='ltr'><strong>tanta</strong></span> <span class='ocrx_word' id='word_1_34' title='bbox 1699 382 1842 435; x_wconf 88' lang='lat' dir='ltr'><strong>enim</strong></span> 
     </span>
     <span class='ocr_line' id='line_1_7' title="bbox 138 443 1844 523; baseline 0.002 -17"><span class='ocrx_word' id='word_1_35' title='bbox 138 454 338 508; x_wconf 86' lang='lat' dir='ltr'><strong>fiducia</strong></span> <span class='ocrx_word' id='word_1_36' title='bbox 386 455 471 508; x_wconf 90' lang='lat' dir='ltr'><strong>sui</strong></span> <span class='ocrx_word' id='word_1_37' title='bbox 521 458 622 523; x_wconf 88' lang='lat' dir='ltr'><strong>est,</strong></span> <span class='ocrx_word' id='word_1_38' title='bbox 675 458 739 508; x_wconf 90' lang='lat' dir='ltr'><strong>ut</strong></span> <span class='ocrx_word' id='word_1_39' title='bbox 788 454 1001 508; x_wconf 86' lang='lat' dir='ltr'><strong>obviam</strong></span> <span class='ocrx_word' id='word_1_40' title='bbox 1051 443 1298 508; x_wconf 82' lang='lat' dir='ltr'><strong>fortunae</strong></span> <span class='ocrx_word' id='word_1_41' title='bbox 1348 455 1427 508; x_wconf 91' lang='lat' dir='ltr'><strong>ire</strong></span> <span class='ocrx_word' id='word_1_42' title='bbox 1475 473 1587 509; x_wconf 89' lang='lat' dir='ltr'><strong>non</strong></span> <span class='ocrx_word' id='word_1_43' title='bbox 1636 456 1844 509; x_wconf 89' lang='lat' dir='ltr'><strong>dubitet</strong></span> 
     </span>
     <span class='ocr_line' id='line_1_8' title="bbox 137 528 1843 599; baseline 0.001 -18"><span class='ocrx_word' id='word_1_44' title='bbox 137 546 239 582; x_wconf 92' lang='lat' dir='ltr'><strong>nec</strong></span> <span class='ocrx_word' id='word_1_45' title='bbox 290 546 547 598; x_wconf 88' lang='lat' dir='ltr'><strong>umquam</strong></span> <span class='ocrx_word' id='word_1_46' title='bbox 598 528 722 583; x_wconf 89' lang='lat' dir='ltr'><strong>loco</strong></span> <span class='ocrx_word' id='word_1_47' title='bbox 768 528 850 581; x_wconf 85' lang='lat' dir='ltr'><strong>ini</strong></span> <span class='ocrx_word' id='word_1_48' title='bbox 902 546 1145 582; x_wconf 87' lang='lat' dir='ltr'><strong>cessurus</strong></span> <span class='ocrx_word' id='word_1_49' title='bbox 1197 529 1280 581; x_wconf 91' lang='lat' dir='ltr'><strong>sit</strong></span> <span class='ocrx_word' id='word_1_50' title='bbox 1321 577 1327 584; x_wconf 89' lang='lat'><strong><em>.</em></strong></span> <span class='ocrx_word' id='word_1_51' title='bbox 1367 547 1468 583; x_wconf 90' lang='lat' dir='ltr'><strong>nec</strong></span> <span class='ocrx_word' id='word_1_52' title='bbox 1516 529 1700 599; x_wconf 88' lang='lat' dir='ltr'><strong>habet,</strong></span> <span class='ocrx_word' id='word_1_53' title='bbox 1747 530 1843 584; x_wconf 88' lang='lat' dir='ltr'><strong>ubi</strong></span> 
     </span>
     <span class='ocr_line' id='line_1_9' title="bbox 138 603 1845 673; baseline 0.001 -17"><span class='ocrx_word' id='word_1_54' title='bbox 138 603 289 656; x_wconf 80' lang='lat' dir='ltr'><strong>illam</strong></span> <span class='ocrx_word' id='word_1_55' title='bbox 334 603 543 671; x_wconf 89' lang='lat' dir='ltr'><strong>timeat,</strong></span> <span class='ocrx_word' id='word_1_56' title='bbox 590 604 717 672; x_wconf 91' lang='lat' dir='ltr'><strong>quia</strong></span> <span class='ocrx_word' id='word_1_57' title='bbox 753 621 865 656; x_wconf 89' lang='grc' dir='ltr'><strong>ιιοιι</strong></span> <span class='ocrx_word' id='word_1_58' title='bbox 903 603 1172 672; x_wconf 86' lang='lat' dir='ltr'><strong>mancipia</strong></span> <span class='ocrx_word' id='word_1_59' title='bbox 1208 605 1421 657; x_wconf 88' lang='lat' dir='ltr'><strong>tantum</strong></span> <span class='ocrx_word' id='word_1_60' title='bbox 1459 604 1845 673; x_wconf 88' lang='lat' dir='ltr'><strong>possessiones-</strong></span> 
     </span>
    </p>
   </div>
   <div class='ocr_carea' id='block_1_5' title="bbox 139 676 2028 748">
    <p class='ocr_par' dir='ltr' id='par_1_5' title="bbox 139 676 2028 748">
     <span class='ocr_line' id='line_1_10' title="bbox 139 676 2028 748; baseline 0.001 -18"><span class='ocrx_word' id='word_1_61' title='bbox 139 694 243 746; x_wconf 88' lang='lat' dir='ltr'><strong>que</strong></span> <span class='ocrx_word' id='word_1_62' title='bbox 282 680 337 730; x_wconf 91' lang='lat' dir='ltr'><strong>et</strong></span> <span class='ocrx_word' id='word_1_63' title='bbox 379 676 719 748; x_wconf 81' lang='lat' dir='ltr'><strong>dignitatem,</strong></span> <span class='ocrx_word' id='word_1_64' title='bbox 759 677 851 730; x_wconf 90' lang='lat' dir='ltr'><strong>sed</strong></span> <span class='ocrx_word' id='word_1_65' title='bbox 891 695 1085 747; x_wconf 87' lang='lat' dir='ltr'><strong>corpus</strong></span> <span class='ocrx_word' id='word_1_66' title='bbox 1123 694 1339 747; x_wconf 92' lang='lat' dir='ltr'><strong>quoque</strong></span> <span class='ocrx_word' id='word_1_67' title='bbox 1371 697 1528 731; x_wconf 91' lang='lat' dir='ltr'><strong>suum</strong></span> <span class='ocrx_word' id='word_1_68' title='bbox 1567 681 1621 732; x_wconf 91' lang='lat' dir='ltr'><strong>et</strong></span> <span class='ocrx_word' id='word_1_69' title='bbox 1659 679 1843 733; x_wconf 90' lang='lat' dir='ltr'><strong>oculos</strong></span> <span class='ocrx_word' id='word_1_70' title='bbox 1899 691 1915 724; x_wconf 83' lang='lat'><em>·’··</em></span> <span class='ocrx_word' id='word_1_71' title='bbox 1944 714 1959 738; x_wconf 75' lang='lat'><strong>.-</strong></span> <span class='ocrx_word' id='word_1_72' title='bbox 1975 715 2028 747; x_wconf 45' lang='grc' dir='ltr'><strong>Γ,</strong></span> 
     </span>
    </p>
   </div>
   <div class='ocr_carea' id='block_1_6' title="bbox 1876 249 1900 289">
    <p class='ocr_par' dir='ltr' id='par_1_6' title="bbox 1876 249 1900 289">
     <span class='ocr_line' id='line_1_11' title="bbox 1876 249 1900 289; baseline 0 0"><span class='ocrx_word' id='word_1_73' title='bbox 1876 249 1900 289; x_wconf 90' lang='grc'><strong>1</strong></span> 
     </span>
    </p>
   </div>
   <div class='ocr_carea' id='block_1_7' title="bbox 138 740 2004 836">
    <p class='ocr_par' dir='ltr' id='par_1_7' title="bbox 138 722 2004 836">
     <span class='ocr_line' id='line_1_12' title="bbox 138 740 2004 836; baseline -0.004 -32"><span class='ocrx_word' id='word_1_74' title='bbox 138 754 193 803; x_wconf 90' lang='lat' dir='ltr'><strong>et</strong></span> <span class='ocrx_word' id='word_1_75' title='bbox 230 769 450 804; x_wconf 89' lang='lat' dir='ltr'><strong>manum</strong></span> <span class='ocrx_word' id='word_1_76' title='bbox 489 754 544 804; x_wconf 92' lang='lat' dir='ltr'><strong>et</strong></span> <span class='ocrx_word' id='word_1_77' title='bbox 583 751 839 836; x_wconf 82' lang='lat' dir='ltr'><strong>quicquid</strong></span> <span class='ocrx_word' id='word_1_78' title='bbox 878 752 1136 806; x_wconf 85' lang='lat' dir='ltr'><strong>cariorem</strong></span> <span class='ocrx_word' id='word_1_79' title='bbox 1168 751 1338 805; x_wconf 89' lang='lat' dir='ltr'><strong>vitam</strong></span> <span class='ocrx_word' id='word_1_80' title='bbox 1369 752 1503 806; x_wconf 87' lang='lat' dir='ltr'><strong>facit</strong></span> <span class='ocrx_word' id='word_1_81' title='bbox 1531 753 1648 806; x_wconf 92' lang='lat' dir='ltr'><strong>viro</strong></span> <span class='ocrx_word' id='word_1_82' title='bbox 1681 771 1843 823; x_wconf 76' lang='lat' dir='ltr'><strong>seque</strong></span> <span class='ocrx_word' id='word_1_83' title='bbox 1865 748 1882 772; x_wconf 60' lang='lat'><strong>²*</strong></span> <span class='ocrx_word' id='word_1_84' title='bbox 2000 740 2004 745; x_wconf 49' lang='lat'><em>⁴</em></span> 
     </span>
    </p>
   </div>
   <div class='ocr_carea' id='block_1_8' title="bbox 137 825 2006 905">
    <p class='ocr_par' dir='ltr' id='par_1_8' title="bbox 137 825 2006 905">
     <span class='ocr_line' id='line_1_13' title="bbox 137 825 2006 905; baseline -0.017 2"><span class='ocrx_word' id='word_1_85' title='bbox 137 843 316 895; x_wconf 63' lang='grc' dir='ltr'><strong>ΨΜ</strong></span> <span class='ocrx_word' id='word_1_86' title='bbox 355 825 497 879; x_wconf 57' lang='lat' dir='ltr'><strong>mter</strong></span> <span class='ocrx_word' id='word_1_87' title='bbox 532 826 772 895; x_wconf 80' lang='lat' dir='ltr'><strong>precaria</strong></span> <span class='ocrx_word' id='word_1_88' title='bbox 807 829 1056 879; x_wconf 89' lang='lat' dir='ltr'><strong>numerat</strong></span> <span class='ocrx_word' id='word_1_89' title='bbox 1090 825 1331 896; x_wconf 81' lang='lat' dir='ltr'><strong>vivitque</strong></span> <span class='ocrx_word' id='word_1_90' title='bbox 1372 829 1436 879; x_wconf 91' lang='lat' dir='ltr'><strong>ut</strong></span> <span class='ocrx_word' id='word_1_91' title='bbox 1474 827 1843 881; x_wconf 81' lang='lat' dir='ltr'><strong>commodatus</strong></span> <span class='ocrx_word' id='word_1_92' title='bbox 1927 828 2006 905; x_wconf 37' lang='grc' dir='ltr'><strong>,ἢ</strong></span> 
     </span>
    </p>
   </div>
   <div class='ocr_carea' id='block_1_9' title="bbox 136 899 1845 1940">
    <p class='ocr_par' dir='ltr' id='par_1_9' title="bbox 136 899 1845 1940">
     <span class='ocr_line' id='line_1_14' title="bbox 138 899 1842 985; baseline 0.002 -33"><span class='ocrx_word' id='word_1_93' title='bbox 138 899 242 952; x_wconf 91' lang='lat' dir='ltr'><strong>sibi</strong></span> <span class='ocrx_word' id='word_1_94' title='bbox 280 902 335 953; x_wconf 91' lang='lat' dir='ltr'><strong>et</strong></span> <span class='ocrx_word' id='word_1_95' title='bbox 372 901 775 985; x_wconf 76' lang='lat' dir='ltr'><strong>reposcentibus</strong></span> <span class='ocrx_word' id='word_1_96' title='bbox 814 901 929 954; x_wconf 91' lang='lat' dir='ltr'><strong>sine</strong></span> <span class='ocrx_word' id='word_1_97' title='bbox 963 900 1184 954; x_wconf 82' lang='lat' dir='ltr'><strong>tristitia</strong></span> <span class='ocrx_word' id='word_1_98' title='bbox 1213 900 1532 955; x_wconf 90' lang='lat' dir='ltr'><strong>redditurus.</strong></span> <span class='ocrx_word' id='word_1_99' title='bbox 1594 919 1694 956; x_wconf 90' lang='lat' dir='ltr'><strong>nec</strong></span> <span class='ocrx_word' id='word_1_100' title='bbox 1723 902 1842 956; x_wconf 92' lang='lat' dir='ltr'><strong>ideo</strong></span> 
     </span>
     <span class='ocr_line' id='line_1_15' title="bbox 137 974 1845 1046; baseline 0.002 -19"><span class='ocrx_word' id='word_1_101' title='bbox 137 974 260 1027; x_wconf 88' lang='lat' dir='ltr'><strong>vilis</strong></span> <span class='ocrx_word' id='word_1_102' title='bbox 306 977 390 1028; x_wconf 91' lang='lat' dir='ltr'><strong>est</strong></span> <span class='ocrx_word' id='word_1_103' title='bbox 427 974 551 1044; x_wconf 91' lang='lat' dir='ltr'><strong>sibi,</strong></span> <span class='ocrx_word' id='word_1_104' title='bbox 601 975 727 1045; x_wconf 90' lang='lat' dir='ltr'><strong>quia</strong></span> <span class='ocrx_word' id='word_1_105' title='bbox 765 974 869 1029; x_wconf 89' lang='lat' dir='ltr'><strong>scit</strong></span> <span class='ocrx_word' id='word_1_106' title='bbox 906 994 962 1029; x_wconf 91' lang='lat' dir='ltr'><strong>se</strong></span> <span class='ocrx_word' id='word_1_107' title='bbox 1001 993 1158 1029; x_wconf 91' lang='lat' dir='ltr'><strong>suum</strong></span> <span class='ocrx_word' id='word_1_108' title='bbox 1194 993 1307 1029; x_wconf 90' lang='lat' dir='ltr'><strong>non</strong></span> <span class='ocrx_word' id='word_1_109' title='bbox 1346 994 1488 1046; x_wconf 88' lang='lat' dir='ltr'><strong>esse,</strong></span> <span class='ocrx_word' id='word_1_110' title='bbox 1533 976 1626 1030; x_wconf 91' lang='lat' dir='ltr'><strong>sed</strong></span> <span class='ocrx_word' id='word_1_111' title='bbox 1666 976 1845 1031; x_wconf 90' lang='lat' dir='ltr'><strong>omnia</strong></span> 
     </span>
     <span class='ocr_line' id='line_1_16' title="bbox 137 1048 1841 1123; baseline 0.002 -22"><span class='ocrx_word' id='word_1_112' title='bbox 137 1052 249 1101; x_wconf 86' lang='lat' dir='ltr'><strong>tam</strong></span> <span class='ocrx_word' id='word_1_113' title='bbox 273 1048 559 1119; x_wconf 79' lang='lat' dir='ltr'><strong>diligenter</strong></span> <span class='ocrx_word' id='word_1_114' title='bbox 579 1049 763 1118; x_wconf 84' lang='lat' dir='ltr'><strong>faciet,</strong></span> <span class='ocrx_word' id='word_1_115' title='bbox 795 1052 908 1103; x_wconf 86' lang='lat' dir='ltr'><strong>tam</strong></span> <span class='ocrx_word' id='word_1_116' title='bbox 933 1051 1341 1120; x_wconf 88' lang='lat' dir='ltr'><strong>circumspecte,</strong></span> <span class='ocrx_word' id='word_1_117' title='bbox 1373 1068 1535 1120; x_wconf 91' lang='lat' dir='ltr'><strong>quam</strong></span> <span class='ocrx_word' id='word_1_118' title='bbox 1558 1051 1841 1123; x_wconf 87' lang='lat' dir='ltr'><strong>religiosus</strong></span> 
     </span>
     <span class='ocr_line' id='line_1_17' title="bbox 136 1122 1843 1196; baseline 0.002 -20"><span class='ocrx_word' id='word_1_119' title='bbox 136 1122 302 1177; x_wconf 90' lang='lat' dir='ltr'><strong>homo</strong></span> <span class='ocrx_word' id='word_1_120' title='bbox 354 1127 676 1193; x_wconf 87' lang='lat' dir='ltr'><strong>sanctusque</strong></span> <span class='ocrx_word' id='word_1_121' title='bbox 714 1124 854 1178; x_wconf 88' lang='lat' dir='ltr'><strong>solet</strong></span> <span class='ocrx_word' id='word_1_122' title='bbox 889 1124 1029 1178; x_wconf 91' lang='lat' dir='ltr'><strong>tueri</strong></span> <span class='ocrx_word' id='word_1_123' title='bbox 1067 1124 1192 1178; x_wconf 91' lang='lat' dir='ltr'><strong>fidei</strong></span> <span class='ocrx_word' id='word_1_124' title='bbox 1230 1126 1529 1179; x_wconf 85' lang='lat' dir='ltr'><strong>commissa.</strong></span> <span class='ocrx_word' id='word_1_125' title='bbox 1608 1126 1843 1196; x_wconf 91' lang='lat' dir='ltr'><strong>quando·</strong></span> 
     </span>
     <span class='ocr_line' id='line_1_18' title="bbox 139 1198 1842 1270; baseline 0.002 -20"><span class='ocrx_word' id='word_1_126' title='bbox 139 1215 243 1267; x_wconf 92' lang='lat' dir='ltr'><strong>que</strong></span> <span class='ocrx_word' id='word_1_127' title='bbox 273 1201 453 1252; x_wconf 90' lang='lat' dir='ltr'><strong>autem</strong></span> <span class='ocrx_word' id='word_1_128' title='bbox 482 1198 701 1251; x_wconf 88' lang='lat' dir='ltr'><strong>reddere</strong></span> <span class='ocrx_word' id='word_1_129' title='bbox 732 1198 1024 1268; x_wconf 91' lang='lat' dir='ltr'><strong>iubebitur,</strong></span> <span class='ocrx_word' id='word_1_130' title='bbox 1052 1217 1165 1252; x_wconf 90' lang='grc' dir='ltr'><strong>ιιοιι</strong></span> <span class='ocrx_word' id='word_1_131' title='bbox 1190 1202 1442 1268; x_wconf 88' lang='lat' dir='ltr'><strong>queretur</strong></span> <span class='ocrx_word' id='word_1_132' title='bbox 1464 1217 1588 1254; x_wconf 89' lang='lat' dir='ltr'><strong>cum</strong></span> <span class='ocrx_word' id='word_1_133' title='bbox 1611 1200 1842 1270; x_wconf 89' lang='lat' dir='ltr'><strong>fortuna,</strong></span> 
     </span>
     <span class='ocr_line' id='line_1_19' title="bbox 138 1271 1841 1360; baseline 0.002 -35"><span class='ocrx_word' id='word_1_134' title='bbox 138 1272 230 1325; x_wconf 87' lang='lat' dir='ltr'><strong>sed</strong></span> <span class='ocrx_word' id='word_1_135' title='bbox 268 1271 433 1326; x_wconf 89' lang='lat' dir='ltr'><strong>dicet.</strong></span> <span class='ocrx_word' id='word_1_136' title='bbox 472 1272 698 1343; x_wconf 86' lang='lat' dir='ltr'><strong>gratias</strong></span> <span class='ocrx_word' id='word_1_137' title='bbox 737 1291 840 1344; x_wconf 89' lang='lat' dir='ltr'><strong>ago</strong></span> <span class='ocrx_word' id='word_1_138' title='bbox 879 1291 979 1342; x_wconf 91' lang='lat' dir='ltr'><strong>pro</strong></span> <span class='ocrx_word' id='word_1_139' title='bbox 1011 1291 1099 1341; x_wconf 92' lang='lat' dir='ltr'><strong>eo,</strong></span> <span class='ocrx_word' id='word_1_140' title='bbox 1137 1273 1282 1342; x_wconf 92' lang='lat' dir='ltr'><strong>quod</strong></span> <span class='ocrx_word' id='word_1_141' title='bbox 1311 1274 1528 1344; x_wconf 91' lang='lat' dir='ltr'><strong>possedi</strong></span> <span class='ocrx_word' id='word_1_142' title='bbox 1557 1274 1841 1360; x_wconf 90' lang='lat' dir='ltr'><strong>habuique.</strong></span> 
     </span>
     <span class='ocr_line' id='line_1_20' title="bbox 136 1347 1844 1419; baseline 0.002 -20"><span class='ocrx_word' id='word_1_143' title='bbox 136 1364 334 1417; x_wconf 83' lang='lat' dir='ltr'><strong>magna</strong></span> <span class='ocrx_word' id='word_1_144' title='bbox 387 1347 605 1416; x_wconf 91' lang='lat' dir='ltr'><strong>quidem</strong></span> <span class='ocrx_word' id='word_1_145' title='bbox 653 1366 738 1401; x_wconf 92' lang='lat' dir='ltr'><strong>res</strong></span> <span class='ocrx_word' id='word_1_146' title='bbox 791 1350 912 1401; x_wconf 90' lang='lat' dir='ltr'><strong>tuas</strong></span> <span class='ocrx_word' id='word_1_147' title='bbox 959 1348 1200 1402; x_wconf 87' lang='lat' dir='ltr'><strong>mercede</strong></span> <span class='ocrx_word' id='word_1_148' title='bbox 1247 1348 1412 1418; x_wconf 87' lang='lat' dir='ltr'><strong>colui,</strong></span> <span class='ocrx_word' id='word_1_149' title='bbox 1463 1349 1556 1403; x_wconf 90' lang='lat' dir='ltr'><strong>sed</strong></span> <span class='ocrx_word' id='word_1_150' title='bbox 1604 1350 1732 1419; x_wconf 87' lang='lat' dir='ltr'><strong>quia</strong></span> <span class='ocrx_word' id='word_1_151' title='bbox 1767 1350 1844 1403; x_wconf 88' lang='lat' dir='ltr'><strong>ita</strong></span> 
     </span>
     <span class='ocr_line' id='line_1_21' title="bbox 138 1421 1842 1493; baseline 0.002 -19"><span class='ocrx_word' id='word_1_152' title='bbox 138 1421 391 1491; x_wconf 89' lang='lat' dir='ltr'><strong>imperas,</strong></span> <span class='ocrx_word' id='word_1_153' title='bbox 441 1421 533 1490; x_wconf 88' lang='lat' dir='ltr'><strong>de,</strong></span> <span class='ocrx_word' id='word_1_154' title='bbox 583 1422 715 1475; x_wconf 89' lang='lat' dir='ltr'><strong>cedo</strong></span> <span class='ocrx_word' id='word_1_155' title='bbox 766 1424 951 1493; x_wconf 85' lang='lat' dir='ltr'><strong>gratus</strong></span> <span class='ocrx_word' id='word_1_156' title='bbox 999 1423 1290 1492; x_wconf 90' lang='lat' dir='ltr'><strong>libensque</strong></span> <span class='ocrx_word' id='word_1_157' title='bbox 1376 1424 1422 1477; x_wconf 92' lang='lat' dir='ltr'><strong>si</strong></span> <span class='ocrx_word' id='word_1_158' title='bbox 1473 1423 1603 1493; x_wconf 87' lang='lat' dir='ltr'><strong>quid</strong></span> <span class='ocrx_word' id='word_1_159' title='bbox 1647 1424 1842 1478; x_wconf 89' lang='lat' dir='ltr'><strong>habere</strong></span> 
     </span>
     <span class='ocr_line' id='line_1_22' title="bbox 139 1495 1842 1569; baseline 0.002 -21"><span class='ocrx_word' id='word_1_160' title='bbox 139 1513 225 1549; x_wconf 91' lang='lat' dir='ltr'><strong>me</strong></span> <span class='ocrx_word' id='word_1_161' title='bbox 277 1495 360 1549; x_wconf 84' lang='lat' dir='ltr'><strong>tui</strong></span> <span class='ocrx_word' id='word_1_162' title='bbox 403 1495 637 1549; x_wconf 89' lang='lat' dir='ltr'><strong>volueris</strong></span> <span class='ocrx_word' id='word_1_163' title='bbox 692 1497 1020 1566; x_wconf 89' lang='lat' dir='ltr'><strong>etiamnunc,</strong></span> <span class='ocrx_word' id='word_1_164' title='bbox 1076 1497 1321 1566; x_wconf 88' lang='lat' dir='ltr'><strong>servabo3</strong></span> <span class='ocrx_word' id='word_1_165' title='bbox 1366 1498 1413 1551; x_wconf 90' lang='lat' dir='ltr'><strong>si</strong></span> <span class='ocrx_word' id='word_1_166' title='bbox 1459 1498 1606 1551; x_wconf 85' lang='lat' dir='ltr'><strong>aliud</strong></span> <span class='ocrx_word' id='word_1_167' title='bbox 1651 1499 1842 1569; x_wconf 85' lang='lat' dir='ltr'><strong>placet,</strong></span> 
     </span>
     <span class='ocr_line' id='line_1_23' title="bbox 138 1569 1843 1655; baseline 0.003 -33"><span class='ocrx_word' id='word_1_168' title='bbox 138 1586 239 1641; x_wconf 81' lang='lat' dir='ltr'><strong>ego</strong></span> <span class='ocrx_word' id='word_1_169' title='bbox 278 1587 405 1623; x_wconf 90' lang='lat' dir='ltr'><strong>vero</strong></span> <span class='ocrx_word' id='word_1_170' title='bbox 443 1569 646 1623; x_wconf 86' lang='lat' dir='ltr'><strong>factum</strong></span> <span class='ocrx_word' id='word_1_171' title='bbox 685 1572 1064 1655; x_wconf 81' lang='lat' dir='ltr'><strong>signatumque</strong></span> <span class='ocrx_word' id='word_1_172' title='bbox 1095 1574 1401 1642; x_wconf 86' lang='lat' dir='ltr'><strong>argentum,</strong></span> <span class='ocrx_word' id='word_1_173' title='bbox 1439 1571 1661 1626; x_wconf 94' lang='lat' dir='ltr'><strong>domum</strong></span> <span class='ocrx_word' id='word_1_174' title='bbox 1691 1573 1843 1627; x_wconf 91' lang='lat' dir='ltr'><strong>fami·</strong></span> 
     </span>
     <span class='ocr_line' id='line_1_24' title="bbox 137 1643 1844 1716; baseline 0.002 -19"><span class='ocrx_word' id='word_1_175' title='bbox 137 1643 375 1713; x_wconf 87' lang='lat' dir='ltr'><strong>liamque</strong></span> <span class='ocrx_word' id='word_1_176' title='bbox 428 1662 603 1698; x_wconf 82' lang='lat' dir='ltr'><strong>meam</strong></span> <span class='ocrx_word' id='word_1_177' title='bbox 652 1644 839 1714; x_wconf 89' lang='lat' dir='ltr'><strong>redd0‚</strong></span> <span class='ocrx_word' id='word_1_178' title='bbox 892 1645 1155 1699; x_wconf 88' lang='lat' dir='ltr'><strong>restituo.’</strong></span> <span class='ocrx_word' id='word_1_179' title='bbox 1245 1646 1599 1716; x_wconf 81' lang='lat' dir='ltr'><strong>appellaverit</strong></span> <span class='ocrx_word' id='word_1_180' title='bbox 1649 1650 1844 1701; x_wconf 88' lang='lat' dir='ltr'><strong>natura</strong></span> 
     </span>
     <span class='ocr_line' id='line_1_25' title="bbox 140 1717 1841 1792; baseline 0.003 -21"><span class='ocrx_word' id='word_1_181' title='bbox 140 1735 276 1788; x_wconf 78' lang='lat' dir='ltr'><strong>quae</strong></span> <span class='ocrx_word' id='word_1_182' title='bbox 327 1717 477 1788; x_wconf 91' lang='lat' dir='ltr'><strong>prior</strong></span> <span class='ocrx_word' id='word_1_183' title='bbox 531 1719 687 1773; x_wconf 91' lang='lat' dir='ltr'><strong>nobis</strong></span> <span class='ocrx_word' id='word_1_184' title='bbox 746 1719 995 1789; x_wconf 89' lang='lat' dir='ltr'><strong>credidit,</strong></span> <span class='ocrx_word' id='word_1_185' title='bbox 1047 1723 1102 1773; x_wconf 89' lang='lat' dir='ltr'><strong>et</strong></span> <span class='ocrx_word' id='word_1_186' title='bbox 1148 1719 1277 1774; x_wconf 89' lang='lat' dir='ltr'><strong>huic</strong></span> <span class='ocrx_word' id='word_1_187' title='bbox 1327 1720 1587 1775; x_wconf 90' lang='lat' dir='ltr'><strong>dicemus.</strong></span> <span class='ocrx_word' id='word_1_188' title='bbox 1642 1721 1841 1792; x_wconf 77' lang='lat' dir='ltr'><strong>‘recipe</strong></span> 
     </span>
     <span class='ocr_line' id='line_1_26' title="bbox 139 1760 1844 1868; baseline 0.003 -22"><span class='ocrx_word' id='word_1_189' title='bbox 139 1792 379 1846; x_wconf 84' lang='lat' dir='ltr'><strong>animum</strong></span> <span class='ocrx_word' id='word_1_190' title='bbox 428 1794 703 1848; x_wconf 88' lang='lat' dir='ltr'><strong>meliorem</strong></span> <span class='ocrx_word' id='word_1_191' title='bbox 754 1812 915 1864; x_wconf 92' lang='lat' dir='ltr'><strong>quam</strong></span> <span class='ocrx_word' id='word_1_192' title='bbox 962 1760 1179 1864; x_wconf 85' lang='lat' dir='ltr'><strong>dedisti3</strong></span> <span class='ocrx_word' id='word_1_193' title='bbox 1225 1812 1338 1849; x_wconf 90' lang='lat' dir='ltr'><strong>non</strong></span> <span class='ocrx_word' id='word_1_194' title='bbox 1383 1797 1707 1868; x_wconf 86' lang='lat' dir='ltr'><strong>tergiversor</strong></span> <span class='ocrx_word' id='word_1_195' title='bbox 1742 1814 1844 1851; x_wconf 90' lang='lat' dir='ltr'><strong>nec</strong></span> 
     </span>
     <span class='ocr_line' id='line_1_27' title="bbox 138 1866 1843 1940; baseline 0.002 -19"><span class='ocrx_word' id='word_1_196' title='bbox 138 1866 372 1939; x_wconf 84' lang='lat' dir='ltr'><strong>refugio3</strong></span> <span class='ocrx_word' id='word_1_197' title='bbox 420 1872 666 1937; x_wconf 87' lang='lat' dir='ltr'><strong>paratum</strong></span> <span class='ocrx_word' id='word_1_198' title='bbox 710 1868 875 1923; x_wconf 88' lang='lat' dir='ltr'><strong>habes</strong></span> <span class='ocrx_word' id='word_1_199' title='bbox 922 1888 955 1922; x_wconf 89' lang='lat' dir='ltr'><strong>a</strong></span> <span class='ocrx_word' id='word_1_200' title='bbox 998 1870 1212 1923; x_wconf 88' lang='lat' dir='ltr'><strong>volente</strong></span> <span class='ocrx_word' id='word_1_201' title='bbox 1259 1870 1405 1940; x_wconf 92' lang='lat' dir='ltr'><strong>quod</strong></span> <span class='ocrx_word' id='word_1_202' title='bbox 1441 1889 1554 1925; x_wconf 92' lang='grc' dir='ltr'><strong>ιιοιι</strong></span> <span class='ocrx_word' id='word_1_203' title='bbox 1592 1870 1843 1925; x_wconf 88' lang='lat' dir='ltr'><strong>sentienti</strong></span> 
     </span>
    </p>
   </div>
   <div class='ocr_carea' id='block_1_10' title="bbox 1874 909 2002 957">
    <p class='ocr_par' dir='ltr' id='par_1_10' title="bbox 1874 909 2002 957">
     <span class='ocr_line' id='line_1_28' title="bbox 1874 909 2002 957; baseline 0.008 -1"><span class='ocrx_word' id='word_1_204' title='bbox 1874 909 1926 956; x_wconf 63' lang='grc' dir='ltr'><strong>ιι·</strong></span> <span class='ocrx_word' id='word_1_205' title='bbox 1977 916 2002 957; x_wconf 52' lang='grc' dir='ltr'><strong>ι</strong></span> 
     </span>
    </p>
   </div>
   <div class='ocr_carea' id='block_1_11' title="bbox 141 1941 1901 2017">
    <p class='ocr_par' dir='ltr' id='par_1_11' title="bbox 141 1941 1901 2017">
     <span class='ocr_line' id='line_1_29' title="bbox 141 1941 1901 2017; baseline 0.003 -22"><span class='ocrx_word' id='word_1_206' title='bbox 141 1941 354 1996; x_wconf 79' lang='lat' dir='ltr'><strong>dedisti:</strong></span> <span class='ocrx_word' id='word_1_207' title='bbox 393 1942 577 1997; x_wconf 63' lang='lat' dir='ltr'><strong>aufer?</strong></span> <span class='ocrx_word' id='word_1_208' title='bbox 650 1944 847 1998; x_wconf 89' lang='lat' dir='ltr'><strong>reverti</strong></span> <span class='ocrx_word' id='word_1_209' title='bbox 898 1943 1041 1998; x_wconf 90' lang='lat' dir='ltr'><strong>unde</strong></span> <span class='ocrx_word' id='word_1_210' title='bbox 1078 1944 1286 1998; x_wconf 90' lang='lat' dir='ltr'><strong>veneris</strong></span> <span class='ocrx_word' id='word_1_211' title='bbox 1341 1945 1471 2015; x_wconf 91' lang='lat' dir='ltr'><strong>quid</strong></span> <span class='ocrx_word' id='word_1_212' title='bbox 1521 1963 1683 2017; x_wconf 84' lang='lat' dir='ltr'><strong>grave</strong></span> <span class='ocrx_word' id='word_1_213' title='bbox 1721 1945 1842 2000; x_wconf 82' lang='lat' dir='ltr'><strong>est?</strong></span> <span class='ocrx_word' id='word_1_214' title='bbox 1871 1959 1901 2000; x_wconf 77' lang='lat'>4</span> 
     </span>
    </p>
   </div>
   <div class='ocr_carea' id='block_1_12' title="bbox 139 2017 1842 2165">
    <p class='ocr_par' dir='ltr' id='par_1_12' title="bbox 139 2017 1842 2165">
     <span class='ocr_line' id='line_1_30' title="bbox 140 2017 1840 2092; baseline 0.003 -22"><span class='ocrx_word' id='word_1_215' title='bbox 140 2017 279 2070; x_wconf 82' lang='lat' dir='ltr'><strong>male</strong></span> <span class='ocrx_word' id='word_1_216' title='bbox 326 2017 475 2072; x_wconf 90' lang='lat' dir='ltr'><strong>vivet</strong></span> <span class='ocrx_word' id='word_1_217' title='bbox 524 2018 766 2088; x_wconf 86' lang='lat' dir='ltr'><strong>quisquis</strong></span> <span class='ocrx_word' id='word_1_218' title='bbox 816 2019 1021 2073; x_wconf 88' lang='lat' dir='ltr'><strong>nesciet</strong></span> <span class='ocrx_word' id='word_1_219' title='bbox 1067 2019 1202 2073; x_wconf 92' lang='lat' dir='ltr'><strong>bene</strong></span> <span class='ocrx_word' id='word_1_220' title='bbox 1252 2020 1406 2074; x_wconf 90' lang='lat' dir='ltr'><strong>mori.</strong></span> <span class='ocrx_word' id='word_1_221' title='bbox 1481 2019 1610 2075; x_wconf 89' lang='lat' dir='ltr'><strong>huic</strong></span> <span class='ocrx_word' id='word_1_222' title='bbox 1658 2021 1840 2092; x_wconf 85' lang='lat' dir='ltr'><strong>itaque</strong></span> 
     </span>
     <span class='ocr_line' id='line_1_31' title="bbox 139 2092 1842 2165; baseline 0.003 -20"><span class='ocrx_word' id='word_1_223' title='bbox 139 2092 374 2162; x_wconf 81' lang='lat' dir='ltr'><strong>primum</strong></span> <span class='ocrx_word' id='word_1_224' title='bbox 418 2092 497 2147; x_wconf 86' lang='lat' dir='ltr'><strong>rei</strong></span> <span class='ocrx_word' id='word_1_225' title='bbox 534 2094 767 2164; x_wconf 89' lang='lat' dir='ltr'><strong>pretium</strong></span> <span class='ocrx_word' id='word_1_226' title='bbox 807 2093 1192 2148; x_wconf 87' lang='lat' dir='ltr'><strong>detrahendum</strong></span> <span class='ocrx_word' id='word_1_227' title='bbox 1231 2096 1314 2149; x_wconf 90' lang='lat' dir='ltr'><strong>est</strong></span> <span class='ocrx_word' id='word_1_228' title='bbox 1351 2098 1406 2148; x_wconf 94' lang='lat' dir='ltr'><strong>et</strong></span> <span class='ocrx_word' id='word_1_229' title='bbox 1443 2094 1663 2165; x_wconf 86' lang='lat' dir='ltr'><strong>spiritus</strong></span> <span class='ocrx_word' id='word_1_230' title='bbox 1702 2096 1842 2150; x_wconf 88' lang='lat' dir='ltr'><strong>inter</strong></span> 
     </span>
    </p>
   </div>
   <div class='ocr_carea' id='block_1_13' title="bbox 138 2267 1843 2980">
    <p class='ocr_par' dir='ltr' id='par_1_13' title="bbox 138 2267 1843 2967">
     <span class='ocr_line' id='line_1_32' title="bbox 288 2267 1843 2328; baseline 0.005 -15"><span class='ocrx_word' id='word_1_231' title='bbox 288 2267 319 2314; x_wconf 79' lang='lat'>4</span> <span class='ocrx_word' id='word_1_232' title='bbox 349 2268 538 2314; x_wconf 81' lang='lat' dir='ltr'><strong>dubitet</strong></span> <span class='ocrx_word' id='word_1_233' title='bbox 566 2271 615 2314; x_wconf 89' lang='lat' dir='ltr'><strong>et</strong></span> <span class='ocrx_word' id='word_1_234' title='bbox 644 2283 731 2315; x_wconf 87' lang='lat' dir='ltr'><strong>nec</strong></span> <span class='ocrx_word' id='word_1_235' title='bbox 755 2270 800 2315; x_wconf 99' lang='lat' dir='ltr'><strong><em>A</em></strong></span> <span class='ocrx_word' id='word_1_236' title='bbox 830 2271 910 2315; x_wconf 79' lang='lat' dir='ltr'><strong>sed</strong></span> <span class='ocrx_word' id='word_1_237' title='bbox 941 2272 989 2315; x_wconf 88' lang='lat' dir='ltr'><strong>et</strong></span> <span class='ocrx_word' id='word_1_238' title='bbox 1010 2272 1201 2328; x_wconf 78' lang='lat' dir='ltr'><strong>punctis</strong></span> <span class='ocrx_word' id='word_1_239' title='bbox 1222 2276 1453 2327; x_wconf 68' lang='lat' dir='ltr'><strong>notatum,</strong></span> <span class='ocrx_word' id='word_1_240' title='bbox 1477 2273 1640 2319; x_wconf 76' lang='lat' dir='ltr'><strong>deinde</strong></span> <span class='ocrx_word' id='word_1_241' title='bbox 1663 2287 1843 2319; x_wconf 77' lang='lat' dir='ltr'><strong>erasum</strong></span> 
     </span>
     <span class='ocr_line' id='line_1_33' title="bbox 138 2327 1842 2449; baseline 0.004 -18"><span class='ocrx_word' id='word_1_242' title='bbox 138 2333 218 2431; x_wconf 65' lang='lat'><strong>:22</strong></span> <span class='ocrx_word' id='word_1_243' title='bbox 231 2327 311 2433; x_wconf 61' lang='lat'><strong>¹¹23.</strong></span> <span class='ocrx_word' id='word_1_244' title='bbox 336 2328 1279 2448; x_wconf 42' lang='lat' dir='ltr'><strong>ssdssassffuffffiqsfflefflmssmoemst</strong></span> <span class='ocrx_word' id='word_1_245' title='bbox 1293 2333 1842 2449; x_wconf 52' lang='lat' dir='ltr'><strong>⁹20tu²²r5¹¹22⁰u⁹0¹223</strong></span> 
     </span>
     <span class='ocr_line' id='line_1_34' title="bbox 139 2445 1840 2509; baseline 0.003 -18"><span class='ocrx_word' id='word_1_246' title='bbox 139 2445 258 2491; x_wconf 75' lang='lat' dir='ltr'><strong>facit</strong></span> <span class='ocrx_word' id='word_1_247' title='bbox 288 2460 430 2504; x_wconf 81' lang='lat' dir='ltr'><strong>seque</strong></span> <span class='ocrx_word' id='word_1_248' title='bbox 461 2462 495 2493; x_wconf 82' lang='lat' dir='ltr'><strong>e.</strong></span> <span class='ocrx_word' id='word_1_249' title='bbox 521 2448 618 2494; x_wconf 81' lang='lat' dir='ltr'><strong>cod</strong></span> <span class='ocrx_word' id='word_1_250' title='bbox 644 2450 973 2494; x_wconf 73' lang='lat' dir='ltr'><strong>Paris.15086</strong></span> <span class='ocrx_word' id='word_1_251' title='bbox 996 2450 1229 2495; x_wconf 74' lang='lat' dir='ltr'><strong>Rossbach</strong></span> <span class='ocrx_word' id='word_1_252' title='bbox 1268 2449 1286 2509; x_wconf 86' lang='grc' dir='ltr'><strong>ΙΙ</strong></span> <span class='ocrx_word' id='word_1_253' title='bbox 1328 2450 1388 2496; x_wconf 88' lang='grc'><strong>10</strong></span> <span class='ocrx_word' id='word_1_254' title='bbox 1417 2450 1770 2509; x_wconf 86' lang='lat' dir='ltr'><strong>reposcentibus</strong></span> <span class='ocrx_word' id='word_1_255' title='bbox 1794 2453 1840 2498; x_wconf 94' lang='lat' dir='ltr'><strong><em>A</em></strong></span> 
     </span>
     <span class='ocr_line' id='line_1_35' title="bbox 140 2506 1842 2569; baseline 0.003 -18"><span class='ocrx_word' id='word_1_256' title='bbox 140 2506 278 2563; x_wconf 72' lang='lat' dir='ltr'><strong>(quod</strong></span> <span class='ocrx_word' id='word_1_257' title='bbox 310 2506 447 2552; x_wconf 79' lang='lat' dir='ltr'><strong>Gertz</strong></span> <span class='ocrx_word' id='word_1_258' title='bbox 484 2508 689 2563; x_wconf 73' lang='lat' dir='ltr'><strong>defendit</strong></span> <span class='ocrx_word' id='word_1_259' title='bbox 723 2509 979 2566; x_wconf 76' lang='lat' dir='ltr'><strong>supplendo</strong></span> <span class='ocrx_word' id='word_1_260' title='bbox 1017 2522 1074 2554; x_wconf 74' lang='lat' dir='ltr'><strong>ex</strong></span> <span class='ocrx_word' id='word_1_261' title='bbox 1109 2523 1200 2567; x_wconf 78' lang='lat' dir='ltr'><strong>sqq.</strong></span> <span class='ocrx_word' id='word_1_262' title='bbox 1233 2508 1426 2555; x_wconf 82' lang='lat' dir='ltr'><strong>fortuna</strong></span> <span class='ocrx_word' id='word_1_263' title='bbox 1462 2516 1507 2556; x_wconf 80' lang='lat' dir='ltr'><strong>et</strong></span> <span class='ocrx_word' id='word_1_264' title='bbox 1538 2512 1727 2569; x_wconf 81' lang='lat' dir='ltr'><strong>natura)</strong></span> <span class='ocrx_word' id='word_1_265' title='bbox 1770 2525 1842 2557; x_wconf 90' lang='lat' dir='ltr'><strong>re-</strong></span> 
     </span>
     <span class='ocr_line' id='line_1_36' title="bbox 138 2565 1842 2630; baseline 0.004 -20"><span class='ocrx_word' id='word_1_266' title='bbox 138 2565 352 2622; x_wconf 79' lang='lat' dir='ltr'><strong>poscenti</strong></span> <span class='ocrx_word' id='word_1_267' title='bbox 382 2580 432 2611; x_wconf 78' lang='lat' dir='ltr'><strong>se</strong></span> <span class='ocrx_word' id='word_1_268' title='bbox 463 2567 726 2613; x_wconf 73' lang='lat' dir='ltr'><strong>Feldmarm</strong></span> <span class='ocrx_word' id='word_1_269' title='bbox 763 2568 1027 2625; x_wconf 83' lang='lat' dir='ltr'><strong>reposcenti</strong></span> <span class='ocrx_word' id='word_1_270' title='bbox 1058 2567 1271 2614; x_wconf 87' lang='lat' dir='ltr'><strong>debitum</strong></span> <span class='ocrx_word' id='word_1_271' title='bbox 1306 2570 1440 2616; x_wconf 78' lang='lat' dir='ltr'><strong>Koch</strong></span> <span class='ocrx_word' id='word_1_272' title='bbox 1478 2570 1484 2630; x_wconf 90' lang='grc' dir='ltr'>Ι</span> <span class='ocrx_word' id='word_1_273' title='bbox 1536 2570 1596 2616; x_wconf 80' lang='lat'><strong>18</strong></span> <span class='ocrx_word' id='word_1_274' title='bbox 1630 2570 1842 2628; x_wconf 80' lang='lat' dir='ltr'><strong>q-uando</strong></span> 
     </span>
     <span class='ocr_line' id='line_1_37' title="bbox 140 2585 1841 2731; baseline 0.004 -62"><span class='ocrx_word' id='word_1_275' title='bbox 140 2638 231 2681; x_wconf 88' lang='lat' dir='ltr'><strong>que</strong></span> <span class='ocrx_word' id='word_1_276' title='bbox 254 2627 299 2670; x_wconf 93' lang='lat' dir='ltr'><strong><em>A</em></strong></span> <span class='ocrx_word' id='word_1_277' title='bbox 331 2626 727 2731; x_wconf 84' lang='lat' dir='ltr'><strong>quandocumque</strong></span> <span class='ocrx_word' id='word_1_278' title='bbox 748 2641 805 2672; x_wconf 83' lang='lat' dir='ltr'><strong>vo</strong></span> <span class='ocrx_word' id='word_1_279' title='bbox 888 2628 905 2685; x_wconf 81' lang='grc' dir='ltr'><strong>ΙΙ</strong></span> <span class='ocrx_word' id='word_1_280' title='bbox 936 2627 994 2672; x_wconf 80' lang='grc'><strong>15</strong></span> <span class='ocrx_word' id='word_1_281' title='bbox 1018 2627 1146 2673; x_wconf 88' lang='lat' dir='ltr'><strong>dicet</strong></span> <span class='ocrx_word' id='word_1_282' title='bbox 1174 2629 1288 2687; x_wconf 75' lang='lat' dir='ltr'><strong>volq.</strong></span> <span class='ocrx_word' id='word_1_283' title='bbox 1314 2628 1433 2674; x_wconf 86' lang='lat' dir='ltr'><strong>dicit</strong></span> <span class='ocrx_word' id='word_1_284' title='bbox 1523 2628 1542 2689; x_wconf 83' lang='grc' dir='ltr'><strong>ΙΙ</strong></span> <span class='ocrx_word' id='word_1_285' title='bbox 1563 2629 1623 2675; x_wconf 75' lang='grc'><strong>16</strong></span> <span class='ocrx_word' id='word_1_286' title='bbox 1630 2585 1771 2675; x_wconf 50' lang='grc' dir='ltr'><strong>ίΞκιῙιιι</strong></span> <span class='ocrx_word' id='word_1_287' title='bbox 1793 2631 1841 2676; x_wconf 91' lang='lat' dir='ltr'><strong><em>A</em></strong></span> 
     </span>
     <span class='ocr_line' id='line_1_38' title="bbox 140 2627 1839 2748; baseline 0.004 -20"><span class='ocrx_word' id='word_1_288' title='bbox 140 2683 365 2729; x_wconf 81' lang='lat' dir='ltr'><strong>collocavi</strong></span> <span class='ocrx_word' id='word_1_289' title='bbox 396 2700 436 2730; x_wconf 83' lang='lat' dir='ltr'><strong>v.</strong></span> <span class='ocrx_word' id='word_1_290' title='bbox 461 2686 505 2730; x_wconf 81' lang='lat' dir='ltr'><strong>d</strong></span> <span class='ocrx_word' id='word_1_291' title='bbox 531 2687 684 2744; x_wconf 60' lang='lat' dir='ltr'><strong>Vliet,</strong></span> <span class='ocrx_word' id='word_1_292' title='bbox 729 2627 985 2745; x_wconf 58' lang='lat' dir='ltr'><strong>ulgosinq</strong></span> <span class='ocrx_word' id='word_1_293' title='bbox 1014 2701 1089 2744; x_wconf 79' lang='lat' dir='ltr'><strong>ap.</strong></span> <span class='ocrx_word' id='word_1_294' title='bbox 1116 2688 1414 2747; x_wconf 71' lang='lat' dir='ltr'><strong>Madviqiwm</strong></span> <span class='ocrx_word' id='word_1_295' title='bbox 1443 2688 1529 2733; x_wconf 81' lang='lat' dir='ltr'><strong>illa</strong></span> <span class='ocrx_word' id='word_1_296' title='bbox 1552 2691 1599 2735; x_wconf 94' lang='lat' dir='ltr'><strong><em>A</em></strong></span> <span class='ocrx_word' id='word_1_297' title='bbox 1628 2689 1645 2748; x_wconf 83' lang='grc' dir='ltr'>Η</span> <span class='ocrx_word' id='word_1_298' title='bbox 1674 2689 1732 2735; x_wconf 75' lang='grc'><strong>17</strong></span> <span class='ocrx_word' id='word_1_299' title='bbox 1764 2689 1839 2735; x_wconf 88' lang='lat' dir='ltr'><strong>do.</strong></span> 
     </span>
     <span class='ocr_line' id='line_1_39' title="bbox 141 2743 1842 2834; baseline 0.004 -45"><span class='ocrx_word' id='word_1_300' title='bbox 141 2743 309 2803; x_wconf 71' lang='lat' dir='ltr'><strong>cedo</strong></span> <span class='ocrx_word' id='word_1_301' title='bbox 318 2746 418 2790; x_wconf 71' lang='lat' dir='ltr'><strong>sine</strong></span> <span class='ocrx_word' id='word_1_302' title='bbox 459 2746 599 2791; x_wconf 72' lang='lat' dir='ltr'><strong>dubio</strong></span> <span class='ocrx_word' id='word_1_303' title='bbox 632 2746 702 2791; x_wconf 89' lang='lat' dir='ltr'><strong>A¹</strong></span> <span class='ocrx_word' id='word_1_304' title='bbox 742 2747 999 2792; x_wconf 77' lang='lat' dir='ltr'><strong>minoribus</strong></span> <span class='ocrx_word' id='word_1_305' title='bbox 1040 2748 1205 2793; x_wconf 71' lang='lat' dir='ltr'><strong>litteris</strong></span> <span class='ocrx_word' id='word_1_306' title='bbox 1241 2762 1295 2793; x_wconf 83' lang='lat' dir='ltr'><strong>m</strong></span> <span class='ocrx_word' id='word_1_307' title='bbox 1330 2750 1573 2834; x_wconf 59' lang='lat' dir='ltr'><strong>sputimq</strong></span> <span class='ocrx_word' id='word_1_308' title='bbox 1544 2749 1665 2807; x_wconf 78' lang='lat' dir='ltr'><strong>quod</strong></span> <span class='ocrx_word' id='word_1_309' title='bbox 1705 2750 1842 2796; x_wconf 73' lang='lat' dir='ltr'><strong>mitio</strong></span> 
     </span>
     <span class='ocr_line' id='line_1_40' title="bbox 139 2805 1841 2866; baseline 0.004 -18"><span class='ocrx_word' id='word_1_310' title='bbox 139 2817 334 2849; x_wconf 70' lang='lat' dir='ltr'><strong>vacunam</strong></span> <span class='ocrx_word' id='word_1_311' title='bbox 363 2805 632 2862; x_wconf 56' lang='lat' dir='ltr'><strong>relmemt&#39;</strong></span> <span class='ocrx_word' id='word_1_312' title='bbox 662 2806 678 2864; x_wconf 75' lang='grc' dir='ltr'><strong>ΙΙ</strong></span> <span class='ocrx_word' id='word_1_313' title='bbox 708 2805 767 2850; x_wconf 76' lang='lat'><strong>19</strong></span> <span class='ocrx_word' id='word_1_314' title='bbox 796 2805 976 2851; x_wconf 77' lang='lat' dir='ltr'><strong>factum</strong></span> <span class='ocrx_word' id='word_1_315' title='bbox 1007 2807 1122 2853; x_wconf 82' lang='lat' dir='ltr'><strong>vol.</strong></span> <span class='ocrx_word' id='word_1_316' title='bbox 1155 2806 1275 2852; x_wconf 78' lang='lat' dir='ltr'><strong>facit</strong></span> <span class='ocrx_word' id='word_1_317' title='bbox 1296 2809 1380 2864; x_wconf 90' lang='lat' dir='ltr'><strong>A,</strong></span> <span class='ocrx_word' id='word_1_318' title='bbox 1411 2808 1452 2853; x_wconf 88' lang='lat' dir='ltr'><strong>it</strong></span> <span class='ocrx_word' id='word_1_319' title='bbox 1481 2809 1534 2853; x_wconf 78' lang='lat' dir='ltr'><strong>in</strong></span> <span class='ocrx_word' id='word_1_320' title='bbox 1564 2809 1731 2866; x_wconf 65' lang='lat' dir='ltr'><strong>litteo-a,</strong></span> <span class='ocrx_word' id='word_1_321' title='bbox 1757 2810 1841 2855; x_wconf 76' lang='lat' dir='ltr'><strong>sub</strong></span> 
     </span>
     <span class='ocr_line' id='line_1_41' title="bbox 138 2864 1843 2967; baseline 0.004 -59"><span class='ocrx_word' id='word_1_322' title='bbox 138 2876 243 2967; x_wconf 49' lang='grc' dir='ltr'><strong>ζα</strong></span> <span class='ocrx_word' id='word_1_323' title='bbox 263 2864 440 2910; x_wconf 73' lang='lat' dir='ltr'><strong>litterae</strong></span> <span class='ocrx_word' id='word_1_324' title='bbox 476 2867 585 2910; x_wconf 82' lang='lat' dir='ltr'><strong>tura</strong></span> <span class='ocrx_word' id='word_1_325' title='bbox 615 2866 843 2922; x_wconf 67' lang='lat' dir='ltr'><strong>pellucet-e</strong></span> <span class='ocrx_word' id='word_1_326' title='bbox 875 2866 967 2911; x_wconf 73' lang='lat' dir='ltr'><strong>vid.</strong></span> <span class='ocrx_word' id='word_1_327' title='bbox 1009 2867 1026 2924; x_wconf 86' lang='grc' dir='ltr'><strong>ΙΙ</strong></span> <span class='ocrx_word' id='word_1_328' title='bbox 1100 2866 1123 2911; x_wconf 87' lang='grc'><strong>1</strong></span> <span class='ocrx_word' id='word_1_329' title='bbox 1163 2867 1293 2924; x_wconf 87' lang='lat' dir='ltr'><strong>prior</strong></span> <span class='ocrx_word' id='word_1_330' title='bbox 1323 2867 1391 2913; x_wconf 90' lang='lat' dir='ltr'><strong>A¹</strong></span> <span class='ocrx_word' id='word_1_331' title='bbox 1426 2881 1540 2914; x_wconf 80' lang='lat' dir='ltr'><strong>corr.</strong></span> <span class='ocrx_word' id='word_1_332' title='bbox 1572 2883 1630 2914; x_wconf 75' lang='lat' dir='ltr'><strong>ex</strong></span> <span class='ocrx_word' id='word_1_333' title='bbox 1666 2869 1796 2926; x_wconf 85' lang='lat' dir='ltr'><strong>prius</strong></span> <span class='ocrx_word' id='word_1_334' title='bbox 1825 2869 1843 2929; x_wconf 88' lang='grc' dir='ltr'><strong>ΙΙ</strong></span> 
     </span>
    </p>

    <p class='ocr_par' dir='ltr' id='par_1_14' title="bbox 229 2921 1062 2980">
     <span class='ocr_line' id='line_1_42' title="bbox 229 2921 1062 2980; baseline 0.004 -12"><span class='ocrx_word' id='word_1_335' title='bbox 229 2921 354 2969; x_wconf 81' lang='lat' dir='ltr'><strong>inter</strong></span> <span class='ocrx_word' id='word_1_336' title='bbox 382 2924 498 2969; x_wconf 80' lang='lat' dir='ltr'><strong>vilia</strong></span> <span class='ocrx_word' id='word_1_337' title='bbox 522 2925 716 2980; x_wconf 67' lang='lat' dir='ltr'><strong>Lipsius</strong></span> <span class='ocrx_word' id='word_1_338' title='bbox 746 2926 993 2971; x_wconf 76' lang='lat' dir='ltr'><strong>inser-uitia</strong></span> <span class='ocrx_word' id='word_1_339' title='bbox 1016 2927 1062 2971; x_wconf 92' lang='lat' dir='ltr'><strong><em>A</em></strong></span> 
     </span>
    </p>
   </div>
  </div>
 </body>
</html>
