<?xml version="1.0" encoding="UTF-8"?>
<!DOCTYPE html PUBLIC "-//W3C//DTD XHTML 1.0 Transitional//EN"
    "http://www.w3.org/TR/xhtml1/DTD/xhtml1-transitional.dtd">
<html xmlns="http://www.w3.org/1999/xhtml" xml:lang="en" lang="en">
 <head>
  <title>
</title>
<meta http-equiv="Content-Type" content="text/html;charset=utf-8" />
  <meta name='ocr-system' content='tesseract 3.04.00' />
  <meta name='ocr-capabilities' content='ocr_page ocr_carea ocr_par ocr_line ocrx_word'/>
</head>
<body>
  <div class='ocr_page' id='page_1' title='image "./f1operaquaesuper01seneuoft_0169.png"; bbox 0 0 2034 3086; ppageno 0'>
   <div class='ocr_carea' id='block_1_1' title="bbox 484 47 1805 106">
    <p class='ocr_par' dir='ltr' id='par_1_1' title="bbox 484 47 1805 106">
     <span class='ocr_line' id='line_1_1' title="bbox 484 47 1805 106; baseline 0.011 -16"><span class='ocrx_word' id='word_1_1' title='bbox 484 49 567 94; x_wconf 84' lang='lat' dir='ltr'>DE</span> <span class='ocrx_word' id='word_1_2' title='bbox 597 47 704 92; x_wconf 79' lang='lat' dir='ltr'>IRA</span> <span class='ocrx_word' id='word_1_3' title='bbox 735 47 846 92; x_wconf 71' lang='grc' dir='ltr'>ΗΒ.</span> <span class='ocrx_word' id='word_1_4' title='bbox 870 47 947 94; x_wconf 90' lang='lat'>111.</span> <span class='ocrx_word' id='word_1_5' title='bbox 1003 47 1131 93; x_wconf 79' lang='lat' dir='ltr'>CAP.</span> <span class='ocrx_word' id='word_1_6' title='bbox 1158 52 1228 94; x_wconf 81' lang='lat'>36.</span> <span class='ocrx_word' id='word_1_7' title='bbox 1254 52 1325 93; x_wconf 76' lang='lat'>37.</span> <span class='ocrx_word' id='word_1_8' title='bbox 1352 52 1409 94; x_wconf 82' lang='lat'>38</span> <span class='ocrx_word' id='word_1_9' title='bbox 1700 50 1805 106; x_wconf 87' lang='lat'>145</span> 
     </span>
    </p>
   </div>
   <div class='ocr_carea' id='block_1_2' title="bbox 25 168 1955 2573">
    <p class='ocr_par' dir='ltr' id='par_1_2' title="bbox 105 168 1864 467">
     <span class='ocr_line' id='line_1_2' title="bbox 252 168 1863 240; baseline 0 -14"><span class='ocrx_word' id='word_1_10' title='bbox 252 169 528 226; x_wconf 85' lang='lat' dir='ltr'>XXXVII.</span> <span class='ocrx_word' id='word_1_11' title='bbox 586 168 654 224; x_wconf 90' lang='grc' dir='ltr'>Ῑιι</span> <span class='ocrx_word' id='word_1_12' title='bbox 702 171 950 225; x_wconf 81' lang='lat' dir='ltr'>convivio</span> <span class='ocrx_word' id='word_1_13' title='bbox 1001 170 1338 240; x_wconf 89' lang='lat' dir='ltr'>quorundam</span> <span class='ocrx_word' id='word_1_14' title='bbox 1383 173 1438 224; x_wconf 88' lang='lat' dir='ltr'>te</span> <span class='ocrx_word' id='word_1_15' title='bbox 1484 171 1620 224; x_wconf 89' lang='lat' dir='ltr'>sales</span> <span class='ocrx_word' id='word_1_16' title='bbox 1662 174 1715 224; x_wconf 92' lang='lat' dir='ltr'>et</span> <span class='ocrx_word' id='word_1_17' title='bbox 1751 171 1808 224; x_wconf 91' lang='lat' dir='ltr'>in</span> <span class='ocrx_word' id='word_1_18' title='bbox 1841 186 1863 226; x_wconf 91' lang='lat'>1</span> 
     </span>
     <span class='ocr_line' id='line_1_3' title="bbox 106 244 1807 316; baseline -0.002 -15"><span class='ocrx_word' id='word_1_19' title='bbox 106 248 344 301; x_wconf 90' lang='lat' dir='ltr'>dolorem</span> <span class='ocrx_word' id='word_1_20' title='bbox 392 250 548 300; x_wconf 86' lang='lat' dir='ltr'>tuum</span> <span class='ocrx_word' id='word_1_21' title='bbox 597 245 738 299; x_wconf 85' lang='lat' dir='ltr'>iacta</span> <span class='ocrx_word' id='word_1_22' title='bbox 781 244 946 298; x_wconf 78' lang='lat' dir='ltr'>verba</span> <span class='ocrx_word' id='word_1_23' title='bbox 989 245 1304 316; x_wconf 84' lang='lat' dir='ltr'>tetigerunt:</span> <span class='ocrx_word' id='word_1_24' title='bbox 1353 246 1523 298; x_wconf 84' lang='lat' dir='ltr'>vitare</span> <span class='ocrx_word' id='word_1_25' title='bbox 1562 246 1807 316; x_wconf 83' lang='lat' dir='ltr'><strong>volgares</strong></span> 
     </span>
     <span class='ocr_line' id='line_1_4' title="bbox 105 319 1807 389; baseline -0.002 -13"><span class='ocrx_word' id='word_1_26' title='bbox 105 323 382 376; x_wconf 77' lang='lat' dir='ltr'>convictus</span> <span class='ocrx_word' id='word_1_27' title='bbox 431 322 723 389; x_wconf 81' lang='lat' dir='ltr'>mement03</span> <span class='ocrx_word' id='word_1_28' title='bbox 777 319 1006 373; x_wconf 89' lang='lat' dir='ltr'>solutior</span> <span class='ocrx_word' id='word_1_29' title='bbox 1050 322 1132 373; x_wconf 90' lang='lat' dir='ltr'>est</span> <span class='ocrx_word' id='word_1_30' title='bbox 1175 322 1301 389; x_wconf 89' lang='lat' dir='ltr'>post</span> <span class='ocrx_word' id='word_1_31' title='bbox 1343 321 1530 374; x_wconf 81' lang='lat' dir='ltr'>vinum</span> <span class='ocrx_word' id='word_1_32' title='bbox 1576 319 1807 389; x_wconf 87' lang='lat' dir='ltr'>licentia,</span> 
     </span>
     <span class='ocr_line' id='line_1_5' title="bbox 106 393 1864 467; baseline -0.002 -17"><span class='ocrx_word' id='word_1_33' title='bbox 106 397 233 467; x_wconf 87' lang='lat' dir='ltr'>quia</span> <span class='ocrx_word' id='word_1_34' title='bbox 267 414 337 450; x_wconf 89' lang='lat' dir='ltr'>ne</span> <span class='ocrx_word' id='word_1_35' title='bbox 375 394 547 449; x_wconf 87' lang='lat' dir='ltr'>sobris</span> <span class='ocrx_word' id='word_1_36' title='bbox 587 393 804 464; x_wconf 88' lang='lat' dir='ltr'>quidem</span> <span class='ocrx_word' id='word_1_37' title='bbox 841 394 1017 464; x_wconf 93' lang='lat' dir='ltr'>pudor</span> <span class='ocrx_word' id='word_1_38' title='bbox 1054 396 1148 447; x_wconf 89' lang='lat' dir='ltr'>est.</span> <span class='ocrx_word' id='word_1_39' title='bbox 1222 394 1418 447; x_wconf 91' lang='lat' dir='ltr'>iratum</span> <span class='ocrx_word' id='word_1_40' title='bbox 1456 393 1641 448; x_wconf 85' lang='lat' dir='ltr'>vidisti</span> <span class='ocrx_word' id='word_1_41' title='bbox 1679 395 1807 447; x_wconf 87' lang='lat' dir='ltr'>ami·</span> <span class='ocrx_word' id='word_1_42' title='bbox 1839 408 1864 448; x_wconf 86' lang='lat'>2</span> 
     </span>
    </p>

    <p class='ocr_par' dir='ltr' id='par_1_3' title="bbox 53 467 1866 840">
     <span class='ocr_line' id='line_1_6' title="bbox 53 467 1808 538; baseline 0.001 -18"><span class='ocrx_word' id='word_1_43' title='bbox 53 488 74 520; x_wconf 81' lang='lat'><strong>5</strong></span> <span class='ocrx_word' id='word_1_44' title='bbox 105 489 227 525; x_wconf 92' lang='lat' dir='ltr'>cum</span> <span class='ocrx_word' id='word_1_45' title='bbox 264 474 419 524; x_wconf 90' lang='lat' dir='ltr'>tuum</span> <span class='ocrx_word' id='word_1_46' title='bbox 457 468 677 522; x_wconf 89' lang='lat' dir='ltr'>ostiario</span> <span class='ocrx_word' id='word_1_47' title='bbox 717 468 974 523; x_wconf 81' lang='lat' dir='ltr'>causidici</span> <span class='ocrx_word' id='word_1_48' title='bbox 1011 467 1238 522; x_wconf 85' lang='lat' dir='ltr'>alicuius</span> <span class='ocrx_word' id='word_1_49' title='bbox 1277 471 1370 521; x_wconf 89' lang='lat' dir='ltr'>aut</span> <span class='ocrx_word' id='word_1_50' title='bbox 1408 469 1614 538; x_wconf 84' lang='lat' dir='ltr'>divitis,</span> <span class='ocrx_word' id='word_1_51' title='bbox 1663 469 1808 538; x_wconf 93' lang='lat' dir='ltr'>quod</span> 
     </span>
     <span class='ocr_line' id='line_1_7' title="bbox 104 542 1806 612; baseline -0.002 -13"><span class='ocrx_word' id='word_1_52' title='bbox 104 547 392 599; x_wconf 75' lang='lat' dir='ltr'>intrantem</span> <span class='ocrx_word' id='word_1_53' title='bbox 432 546 813 612; x_wconf 77' lang='lat' dir='ltr'><strong>summoverat,</strong></span> <span class='ocrx_word' id='word_1_54' title='bbox 851 546 906 596; x_wconf 89' lang='lat' dir='ltr'>et</span> <span class='ocrx_word' id='word_1_55' title='bbox 942 543 1058 612; x_wconf 90' lang='lat' dir='ltr'>ipse</span> <span class='ocrx_word' id='word_1_56' title='bbox 1095 560 1195 612; x_wconf 92' lang='lat' dir='ltr'>pro</span> <span class='ocrx_word' id='word_1_57' title='bbox 1234 542 1329 596; x_wconf 86' lang='lat' dir='ltr'>illo</span> <span class='ocrx_word' id='word_1_58' title='bbox 1369 543 1536 596; x_wconf 88' lang='lat' dir='ltr'>iratus</span> <span class='ocrx_word' id='word_1_59' title='bbox 1569 546 1806 597; x_wconf 82' lang='lat' dir='ltr'>extremo</span> 
     </span>
     <span class='ocr_line' id='line_1_8' title="bbox 103 617 1808 689; baseline -0.001 -16"><span class='ocrx_word' id='word_1_60' title='bbox 103 619 372 689; x_wconf 85' lang='lat' dir='ltr'>mancipio</span> <span class='ocrx_word' id='word_1_61' title='bbox 411 617 584 671; x_wconf 85' lang='lat' dir='ltr'>fuisti·</span> <span class='ocrx_word' id='word_1_62' title='bbox 626 617 870 672; x_wconf 88' lang='lat' dir='ltr'>irasceris</span> <span class='ocrx_word' id='word_1_63' title='bbox 909 634 1039 688; x_wconf 87' lang='lat' dir='ltr'>ergo</span> <span class='ocrx_word' id='word_1_64' title='bbox 1079 617 1348 671; x_wconf 87' lang='lat' dir='ltr'>catenario</span> <span class='ocrx_word' id='word_1_65' title='bbox 1387 617 1544 671; x_wconf 78' lang='lat' dir='ltr'>cani?</span> <span class='ocrx_word' id='word_1_66' title='bbox 1612 621 1666 671; x_wconf 89' lang='lat' dir='ltr'>et</span> <span class='ocrx_word' id='word_1_67' title='bbox 1702 617 1808 686; x_wconf 87' lang='lat' dir='ltr'>hic,</span> 
     </span>
     <span class='ocr_line' id='line_1_9' title="bbox 103 690 1866 761; baseline -0.001 -13"><span class='ocrx_word' id='word_1_68' title='bbox 103 712 227 748; x_wconf 89' lang='lat' dir='ltr'>cum</span> <span class='ocrx_word' id='word_1_69' title='bbox 264 691 497 746; x_wconf 90' lang='lat' dir='ltr'>multum</span> <span class='ocrx_word' id='word_1_70' title='bbox 533 692 772 761; x_wconf 82' lang='lat' dir='ltr'>latravit,</span> <span class='ocrx_word' id='word_1_71' title='bbox 802 690 1023 745; x_wconf 91' lang='lat' dir='ltr'>obiecto</span> <span class='ocrx_word' id='word_1_72' title='bbox 1063 691 1185 746; x_wconf 90' lang='lat' dir='ltr'>cibo</span> <span class='ocrx_word' id='word_1_73' title='bbox 1224 693 1561 746; x_wconf 71' lang='lat' dir='ltr'>mansuescit.</span> <span class='ocrx_word' id='word_1_74' title='bbox 1622 692 1807 746; x_wconf 85' lang='lat' dir='ltr'>recede</span> <span class='ocrx_word' id='word_1_75' title='bbox 1839 705 1866 745; x_wconf 80' lang='lat'><strong>3</strong></span> 
     </span>
     <span class='ocr_line' id='line_1_10' title="bbox 101 765 1807 840; baseline -0.001 -17"><span class='ocrx_word' id='word_1_76' title='bbox 101 767 319 840; x_wconf 86' lang='lat' dir='ltr'>longius</span> <span class='ocrx_word' id='word_1_77' title='bbox 373 770 428 820; x_wconf 88' lang='lat' dir='ltr'>et</span> <span class='ocrx_word' id='word_1_78' title='bbox 477 766 614 821; x_wconf 77' lang='lat' dir='ltr'>ridel</span> <span class='ocrx_word' id='word_1_79' title='bbox 688 783 835 820; x_wconf 89' lang='lat' dir='ltr'>nunc</span> <span class='ocrx_word' id='word_1_80' title='bbox 889 766 991 820; x_wconf 90' lang='lat' dir='ltr'>iste</span> <span class='ocrx_word' id='word_1_81' title='bbox 1043 785 1098 820; x_wconf 90' lang='lat' dir='ltr'>se</span> <span class='ocrx_word' id='word_1_82' title='bbox 1148 765 1384 836; x_wconf 86' lang='lat' dir='ltr'>aliquem</span> <span class='ocrx_word' id='word_1_83' title='bbox 1431 769 1610 837; x_wconf 88' lang='lat' dir='ltr'>putat,</span> <span class='ocrx_word' id='word_1_84' title='bbox 1661 767 1807 837; x_wconf 91' lang='lat' dir='ltr'>quod</span> 
     </span>
    </p>

    <p class='ocr_par' dir='ltr' id='par_1_4' title="bbox 30 840 1808 1212">
     <span class='ocr_line' id='line_1_11' title="bbox 30 840 1806 914; baseline 0.002 -22"><span class='ocrx_word' id='word_1_85' title='bbox 30 859 73 893; x_wconf 83' lang='grc' dir='ltr'>ιο</span> <span class='ocrx_word' id='word_1_86' title='bbox 103 842 340 897; x_wconf 78' lang='lat' dir='ltr'>custodit</span> <span class='ocrx_word' id='word_1_87' title='bbox 382 841 721 914; x_wconf 80' lang='lat' dir='ltr'>litigatorum</span> <span class='ocrx_word' id='word_1_88' title='bbox 766 841 925 894; x_wconf 90' lang='lat' dir='ltr'>turba</span> <span class='ocrx_word' id='word_1_89' title='bbox 967 841 1135 895; x_wconf 90' lang='lat' dir='ltr'>limen</span> <span class='ocrx_word' id='word_1_90' title='bbox 1174 840 1472 911; x_wconf 85' lang='lat' dir='ltr'>obsessum3</span> <span class='ocrx_word' id='word_1_91' title='bbox 1516 860 1663 896; x_wconf 89' lang='lat' dir='ltr'>nunc</span> <span class='ocrx_word' id='word_1_92' title='bbox 1700 841 1806 912; x_wconf 84' lang='lat' dir='ltr'>ille,</span> 
     </span>
     <span class='ocr_line' id='line_1_12' title="bbox 104 915 1807 988; baseline 0 -18"><span class='ocrx_word' id='word_1_93' title='bbox 104 918 197 988; x_wconf 90' lang='lat' dir='ltr'>qui</span> <span class='ocrx_word' id='word_1_94' title='bbox 227 918 371 970; x_wconf 85' lang='lat' dir='ltr'>intra</span> <span class='ocrx_word' id='word_1_95' title='bbox 399 917 558 986; x_wconf 83' lang='lat' dir='ltr'>iacet,</span> <span class='ocrx_word' id='word_1_96' title='bbox 596 916 729 970; x_wconf 85' lang='lat' dir='ltr'>felix</span> <span class='ocrx_word' id='word_1_97' title='bbox 756 916 1171 986; x_wconf 87' lang='lat' dir='ltr'>fortunatusque</span> <span class='ocrx_word' id='word_1_98' title='bbox 1202 919 1284 970; x_wconf 86' lang='lat' dir='ltr'>est</span> <span class='ocrx_word' id='word_1_99' title='bbox 1316 919 1370 969; x_wconf 91' lang='lat' dir='ltr'>et</span> <span class='ocrx_word' id='word_1_100' title='bbox 1397 915 1541 970; x_wconf 90' lang='lat' dir='ltr'>beati</span> <span class='ocrx_word' id='word_1_101' title='bbox 1570 916 1807 971; x_wconf 86' lang='lat' dir='ltr'>hominis</span> 
     </span>
     <span class='ocr_line' id='line_1_13' title="bbox 102 990 1808 1062; baseline -0.001 -16"><span class='ocrx_word' id='word_1_102' title='bbox 102 992 304 1046; x_wconf 88' lang='lat' dir='ltr'>iudicat</span> <span class='ocrx_word' id='word_1_103' title='bbox 352 1009 415 1046; x_wconf 89' lang='lat' dir='ltr'>ac</span> <span class='ocrx_word' id='word_1_104' title='bbox 459 991 695 1062; x_wconf 88' lang='lat' dir='ltr'>potentis</span> <span class='ocrx_word' id='word_1_105' title='bbox 741 991 1001 1044; x_wconf 90' lang='lat' dir='ltr'>indicium</span> <span class='ocrx_word' id='word_1_106' title='bbox 1039 990 1317 1045; x_wconf 85' lang='lat' dir='ltr'>difficilem</span> <span class='ocrx_word' id='word_1_107' title='bbox 1355 991 1591 1045; x_wconf 88' lang='lat' dir='ltr'>ianuam:</span> <span class='ocrx_word' id='word_1_108' title='bbox 1635 992 1808 1046; x_wconf 89' lang='lat' dir='ltr'>nescit</span> 
     </span>
     <span class='ocr_line' id='line_1_14' title="bbox 102 1066 1806 1135; baseline -0.001 -14"><span class='ocrx_word' id='word_1_109' title='bbox 102 1067 448 1121; x_wconf 87' lang='lat' dir='ltr'>durissimum</span> <span class='ocrx_word' id='word_1_110' title='bbox 509 1084 624 1120; x_wconf 88' lang='lat' dir='ltr'>esse</span> <span class='ocrx_word' id='word_1_111' title='bbox 686 1066 885 1120; x_wconf 89' lang='lat' dir='ltr'>ostium</span> <span class='ocrx_word' id='word_1_112' title='bbox 946 1066 1186 1120; x_wconf 90' lang='lat' dir='ltr'>carceris.</span> <span class='ocrx_word' id='word_1_113' title='bbox 1285 1084 1564 1135; x_wconf 87' lang='lat' dir='ltr'>praesume</span> <span class='ocrx_word' id='word_1_114' title='bbox 1625 1067 1806 1120; x_wconf 83' lang='lat' dir='ltr'>animo</span> 
     </span>
     <span class='ocr_line' id='line_1_15' title="bbox 102 1140 1807 1226; baseline -0.001 -31"><span class='ocrx_word' id='word_1_115' title='bbox 102 1142 273 1195; x_wconf 87' lang='lat' dir='ltr'>multa</span> <span class='ocrx_word' id='word_1_116' title='bbox 323 1141 424 1194; x_wconf 92' lang='lat' dir='ltr'>tibi</span> <span class='ocrx_word' id='word_1_117' title='bbox 478 1158 593 1195; x_wconf 89' lang='lat' dir='ltr'>esse</span> <span class='ocrx_word' id='word_1_118' title='bbox 645 1140 919 1226; x_wconf 88' lang='lat' dir='ltr'>patienda·</span> <span class='ocrx_word' id='word_1_119' title='bbox 968 1140 1232 1225; x_wconf 86' lang='lat' dir='ltr'>numquis</span> <span class='ocrx_word' id='word_1_120' title='bbox 1288 1159 1344 1194; x_wconf 87' lang='lat' dir='ltr'>se</span> <span class='ocrx_word' id='word_1_121' title='bbox 1397 1140 1571 1194; x_wconf 90' lang='lat' dir='ltr'>hieme</span> <span class='ocrx_word' id='word_1_122' title='bbox 1628 1142 1807 1212; x_wconf 84' lang='lat' dir='ltr'>algere</span> 
     </span>
    </p>

    <p class='ocr_par' dir='ltr' id='par_1_5' title="bbox 27 1214 1955 1584">
     <span class='ocr_line' id='line_1_16' title="bbox 27 1214 1808 1286; baseline 0.002 -22"><span class='ocrx_word' id='word_1_123' title='bbox 27 1230 71 1264; x_wconf 71' lang='grc' dir='ltr'>ιε</span> <span class='ocrx_word' id='word_1_124' title='bbox 101 1214 363 1269; x_wconf 83' lang='lat' dir='ltr'>miratur?</span> <span class='ocrx_word' id='word_1_125' title='bbox 435 1216 689 1286; x_wconf 87' lang='lat' dir='ltr'>numquis</span> <span class='ocrx_word' id='word_1_126' title='bbox 739 1215 798 1269; x_wconf 92' lang='lat' dir='ltr'>in</span> <span class='ocrx_word' id='word_1_127' title='bbox 846 1215 982 1269; x_wconf 89' lang='lat' dir='ltr'>mari</span> <span class='ocrx_word' id='word_1_128' title='bbox 1018 1215 1286 1284; x_wconf 69' lang='lat' dir='ltr'>nausiam,</span> <span class='ocrx_word' id='word_1_129' title='bbox 1332 1215 1391 1269; x_wconf 88' lang='lat' dir='ltr'>in</span> <span class='ocrx_word' id='word_1_130' title='bbox 1428 1216 1517 1269; x_wconf 81' lang='lat' dir='ltr'>via</span> <span class='ocrx_word' id='word_1_131' title='bbox 1555 1215 1808 1270; x_wconf 80' lang='lat' dir='ltr'>concuti?</span> 
     </span>
     <span class='ocr_line' id='line_1_17' title="bbox 99 1290 1866 1360; baseline 0 -16"><span class='ocrx_word' id='word_1_132' title='bbox 99 1290 258 1344; x_wconf 82' lang='lat' dir='ltr'>fortis</span> <span class='ocrx_word' id='word_1_133' title='bbox 309 1293 391 1344; x_wconf 81' lang='lat' dir='ltr'>est</span> <span class='ocrx_word' id='word_1_134' title='bbox 439 1291 649 1345; x_wconf 87' lang='lat' dir='ltr'>animus</span> <span class='ocrx_word' id='word_1_135' title='bbox 699 1290 767 1344; x_wconf 88' lang='lat' dir='ltr'>ad</span> <span class='ocrx_word' id='word_1_136' title='bbox 818 1308 954 1360; x_wconf 91' lang='lat' dir='ltr'>quae</span> <span class='ocrx_word' id='word_1_137' title='bbox 999 1292 1350 1360; x_wconf 89' lang='lat' dir='ltr'>praeparatus</span> <span class='ocrx_word' id='word_1_138' title='bbox 1388 1291 1550 1343; x_wconf 80' lang='lat' dir='ltr'>venit.</span> <span class='ocrx_word' id='word_1_139' title='bbox 1628 1291 1805 1344; x_wconf 87' lang='lat' dir='ltr'>minus</span> <span class='ocrx_word' id='word_1_140' title='bbox 1838 1303 1866 1344; x_wconf 82' lang='lat'>4</span> 
     </span>
     <span class='ocr_line' id='line_1_18' title="bbox 98 1360 1943 1436; baseline -0.003 -17"><span class='ocrx_word' id='word_1_141' title='bbox 98 1364 366 1419; x_wconf 90' lang='lat' dir='ltr'>honorato</span> <span class='ocrx_word' id='word_1_142' title='bbox 414 1365 536 1420; x_wconf 91' lang='lat' dir='ltr'>loco</span> <span class='ocrx_word' id='word_1_143' title='bbox 587 1365 797 1436; x_wconf 88' lang='lat' dir='ltr'>positus</span> <span class='ocrx_word' id='word_1_144' title='bbox 847 1365 1004 1419; x_wconf 85' lang='lat' dir='ltr'>irasci</span> <span class='ocrx_word' id='word_1_145' title='bbox 1049 1364 1275 1435; x_wconf 89' lang='lat' dir='ltr'>coepisti</span> <span class='ocrx_word' id='word_1_146' title='bbox 1321 1364 1677 1435; x_wconf 82' lang='lat' dir='ltr'>convivatori,</span> <span class='ocrx_word' id='word_1_147' title='bbox 1716 1383 1807 1418; x_wconf 85' lang='lat' dir='ltr'>vo·</span> <span class='ocrx_word' id='word_1_148' title='bbox 1900 1360 1943 1413; x_wconf 73' lang='lat'>7</span> 
     </span>
     <span class='ocr_line' id='line_1_19' title="bbox 101 1438 1955 1510; baseline -0.001 -16"><span class='ocrx_word' id='word_1_149' title='bbox 101 1440 294 1509; x_wconf 83' lang='lat' dir='ltr'>catori,</span> <span class='ocrx_word' id='word_1_150' title='bbox 330 1440 435 1509; x_wconf 89' lang='lat' dir='ltr'>ipsi</span> <span class='ocrx_word' id='word_1_151' title='bbox 474 1440 568 1510; x_wconf 87' lang='lat' dir='ltr'>qui</span> <span class='ocrx_word' id='word_1_152' title='bbox 605 1438 707 1493; x_wconf 90' lang='lat' dir='ltr'>tibi</span> <span class='ocrx_word' id='word_1_153' title='bbox 744 1439 1163 1509; x_wconf 85' lang='lat' dir='ltr'>praeferebatur:</span> <span class='ocrx_word' id='word_1_154' title='bbox 1202 1438 1442 1508; x_wconf 89' lang='lat' dir='ltr'>demens,</span> <span class='ocrx_word' id='word_1_155' title='bbox 1483 1439 1612 1509; x_wconf 91' lang='lat' dir='ltr'>quid</span> <span class='ocrx_word' id='word_1_156' title='bbox 1647 1440 1807 1492; x_wconf 90' lang='lat' dir='ltr'>inter-</span> <span class='ocrx_word' id='word_1_157' title='bbox 1951 1443 1955 1449; x_wconf 87' lang='lat'>&#39;</span> 
     </span>
     <span class='ocr_line' id='line_1_20' title="bbox 100 1511 1808 1584; baseline -0.001 -16"><span class='ocrx_word' id='word_1_158' title='bbox 100 1517 203 1583; x_wconf 85' lang='lat' dir='ltr'>est,</span> <span class='ocrx_word' id='word_1_159' title='bbox 253 1532 415 1584; x_wconf 87' lang='lat' dir='ltr'>quam</span> <span class='ocrx_word' id='word_1_160' title='bbox 461 1514 591 1568; x_wconf 86' lang='lat' dir='ltr'>lecti</span> <span class='ocrx_word' id='word_1_161' title='bbox 639 1532 850 1584; x_wconf 86' lang='lat' dir='ltr'>premas</span> <span class='ocrx_word' id='word_1_162' title='bbox 900 1513 1144 1583; x_wconf 78' lang='lat' dir='ltr'>partem?</span> <span class='ocrx_word' id='word_1_163' title='bbox 1218 1511 1584 1567; x_wconf 88' lang='lat' dir='ltr'>honestiorem</span> <span class='ocrx_word' id='word_1_164' title='bbox 1622 1516 1676 1567; x_wconf 93' lang='lat' dir='ltr'>te</span> <span class='ocrx_word' id='word_1_165' title='bbox 1715 1516 1808 1567; x_wconf 87' lang='lat' dir='ltr'>aut</span> 
     </span>
    </p>

    <p class='ocr_par' dir='ltr' id='par_1_6' title="bbox 25 1587 1866 1958">
     <span class='ocr_line' id='line_1_21' title="bbox 25 1587 1866 1659; baseline 0.002 -21"><span class='ocrx_word' id='word_1_166' title='bbox 25 1603 70 1638; x_wconf 69' lang='grc' dir='ltr'>ιο</span> <span class='ocrx_word' id='word_1_167' title='bbox 98 1588 395 1659; x_wconf 80' lang='lat' dir='ltr'>turpiorem</span> <span class='ocrx_word' id='word_1_168' title='bbox 444 1591 626 1659; x_wconf 86' lang='lat' dir='ltr'>potest</span> <span class='ocrx_word' id='word_1_169' title='bbox 673 1588 846 1643; x_wconf 89' lang='lat' dir='ltr'>facere</span> <span class='ocrx_word' id='word_1_170' title='bbox 895 1587 1188 1658; x_wconf 77' lang='lat' dir='ltr'>pulvinus?</span> <span class='ocrx_word' id='word_1_171' title='bbox 1270 1606 1382 1642; x_wconf 91' lang='lat' dir='ltr'>non</span> <span class='ocrx_word' id='word_1_172' title='bbox 1420 1588 1604 1659; x_wconf 88' lang='lat' dir='ltr'>aequis</span> <span class='ocrx_word' id='word_1_173' title='bbox 1645 1606 1807 1659; x_wconf 89' lang='lat' dir='ltr'>quen·</span> <span class='ocrx_word' id='word_1_174' title='bbox 1838 1600 1866 1641; x_wconf 83' lang='lat'>5</span> 
     </span>
     <span class='ocr_line' id='line_1_22' title="bbox 100 1661 1805 1735; baseline 0.001 -19"><span class='ocrx_word' id='word_1_175' title='bbox 100 1662 223 1717; x_wconf 85' lang='lat' dir='ltr'>dam</span> <span class='ocrx_word' id='word_1_176' title='bbox 273 1662 444 1717; x_wconf 84' lang='lat' dir='ltr'>oculis</span> <span class='ocrx_word' id='word_1_177' title='bbox 493 1663 700 1733; x_wconf 80' lang='lat' dir='ltr'>vidisti,</span> <span class='ocrx_word' id='word_1_178' title='bbox 747 1661 873 1733; x_wconf 89' lang='lat' dir='ltr'>quia</span> <span class='ocrx_word' id='word_1_179' title='bbox 919 1664 983 1717; x_wconf 90' lang='lat' dir='ltr'>de</span> <span class='ocrx_word' id='word_1_180' title='bbox 1022 1663 1240 1735; x_wconf 85' lang='lat' dir='ltr'>ingenio</span> <span class='ocrx_word' id='word_1_181' title='bbox 1279 1666 1374 1716; x_wconf 90' lang='lat' dir='ltr'>tuo</span> <span class='ocrx_word' id='word_1_182' title='bbox 1414 1664 1553 1717; x_wconf 86' lang='lat' dir='ltr'>male</span> <span class='ocrx_word' id='word_1_183' title='bbox 1590 1663 1805 1718; x_wconf 89' lang='lat' dir='ltr'>locutus</span> 
     </span>
     <span class='ocr_line' id='line_1_23' title="bbox 99 1736 1806 1824; baseline -0.001 -32"><span class='ocrx_word' id='word_1_184' title='bbox 99 1740 202 1792; x_wconf 81' lang='lat' dir='ltr'>est.</span> <span class='ocrx_word' id='word_1_185' title='bbox 255 1737 451 1808; x_wconf 87' lang='lat' dir='ltr'>recipis</span> <span class='ocrx_word' id='word_1_186' title='bbox 503 1738 644 1792; x_wconf 88' lang='lat' dir='ltr'>hanc</span> <span class='ocrx_word' id='word_1_187' title='bbox 694 1737 906 1810; x_wconf 81' lang='lat' dir='ltr'>legem?</span> <span class='ocrx_word' id='word_1_188' title='bbox 981 1756 1110 1810; x_wconf 86' lang='lat' dir='ltr'>ergo</span> <span class='ocrx_word' id='word_1_189' title='bbox 1159 1740 1215 1791; x_wconf 86' lang='lat' dir='ltr'>te</span> <span class='ocrx_word' id='word_1_190' title='bbox 1263 1736 1499 1808; x_wconf 84' lang='lat' dir='ltr'>Ennius,</span> <span class='ocrx_word' id='word_1_191' title='bbox 1547 1756 1656 1824; x_wconf 82' lang='lat' dir='ltr'>quo</span> <span class='ocrx_word' id='word_1_192' title='bbox 1695 1756 1806 1792; x_wconf 92' lang='lat' dir='ltr'>non</span> 
     </span>
     <span class='ocr_line' id='line_1_24' title="bbox 99 1811 1806 1883; baseline 0 -17"><span class='ocrx_word' id='word_1_193' title='bbox 99 1812 401 1883; x_wconf 83' lang='lat' dir='ltr'>delectaris,</span> <span class='ocrx_word' id='word_1_194' title='bbox 439 1812 660 1882; x_wconf 87' lang='lat' dir='ltr'>odisset,</span> <span class='ocrx_word' id='word_1_195' title='bbox 699 1817 753 1867; x_wconf 87' lang='lat' dir='ltr'>et</span> <span class='ocrx_word' id='word_1_196' title='bbox 790 1811 1135 1883; x_wconf 85' lang='lat' dir='ltr'>Hortensius,</span> <span class='ocrx_word' id='word_1_197' title='bbox 1176 1813 1226 1867; x_wconf 80' lang='lat' dir='ltr'>si</span> <span class='ocrx_word' id='word_1_198' title='bbox 1262 1813 1520 1868; x_wconf 77' lang='lat' dir='ltr'>orationes</span> <span class='ocrx_word' id='word_1_199' title='bbox 1558 1813 1670 1868; x_wconf 80' lang='lat' dir='ltr'>eius</span> <span class='ocrx_word' id='word_1_200' title='bbox 1706 1814 1806 1866; x_wconf 79' lang='lat' dir='ltr'>im-</span> 
     </span>
     <span class='ocr_line' id='line_1_25' title="bbox 87 1886 1805 1958; baseline -0.001 -16"><span class='ocrx_word' id='word_1_201' title='bbox 87 1886 364 1958; x_wconf 70' lang='lat' dir='ltr'>probares,</span> <span class='ocrx_word' id='word_1_202' title='bbox 413 1887 712 1942; x_wconf 88' lang='lat' dir='ltr'>simultates</span> <span class='ocrx_word' id='word_1_203' title='bbox 761 1888 861 1941; x_wconf 88' lang='lat' dir='ltr'>tibi</span> <span class='ocrx_word' id='word_1_204' title='bbox 910 1888 1190 1958; x_wconf 85' lang='lat' dir='ltr'>indiceret,</span> <span class='ocrx_word' id='word_1_205' title='bbox 1237 1891 1291 1942; x_wconf 88' lang='lat' dir='ltr'>et</span> <span class='ocrx_word' id='word_1_206' title='bbox 1337 1886 1546 1957; x_wconf 86' lang='lat' dir='ltr'>Cicer0‚</span> <span class='ocrx_word' id='word_1_207' title='bbox 1587 1887 1633 1942; x_wconf 89' lang='lat' dir='ltr'>si</span> <span class='ocrx_word' id='word_1_208' title='bbox 1671 1887 1805 1941; x_wconf 87' lang='lat' dir='ltr'>deri-</span> 
     </span>
    </p>

    <p class='ocr_par' dir='ltr' id='par_1_7' title="bbox 25 1961 1803 2109">
     <span class='ocr_line' id='line_1_26' title="bbox 25 1961 1803 2033; baseline 0 -17"><span class='ocrx_word' id='word_1_209' title='bbox 25 1975 70 2011; x_wconf 63' lang='grc' dir='ltr'><strong><em>π</em></strong></span> <span class='ocrx_word' id='word_1_210' title='bbox 99 1961 249 2017; x_wconf 76' lang='lat' dir='ltr'>dores</span> <span class='ocrx_word' id='word_1_211' title='bbox 283 1962 522 2017; x_wconf 86' lang='lat' dir='ltr'>carmina</span> <span class='ocrx_word' id='word_1_212' title='bbox 551 1963 686 2033; x_wconf 89' lang='lat' dir='ltr'>eius,</span> <span class='ocrx_word' id='word_1_213' title='bbox 718 1963 968 2017; x_wconf 83' lang='lat' dir='ltr'>immicus</span> <span class='ocrx_word' id='word_1_214' title='bbox 1000 1965 1150 2017; x_wconf 87' lang='lat' dir='ltr'>esset.</span> <span class='ocrx_word' id='word_1_215' title='bbox 1213 1963 1296 2017; x_wconf 84' lang='lat' dir='ltr'>vis</span> <span class='ocrx_word' id='word_1_216' title='bbox 1326 1965 1389 2016; x_wconf 93' lang='lat' dir='ltr'>tu</span> <span class='ocrx_word' id='word_1_217' title='bbox 1420 1980 1592 2032; x_wconf 90' lang='lat' dir='ltr'>aequo</span> <span class='ocrx_word' id='word_1_218' title='bbox 1624 1963 1803 2017; x_wconf 90' lang='lat' dir='ltr'>animo</span> 
     </span>
     <span class='ocr_line' id='line_1_27' title="bbox 99 2036 906 2109; baseline 0.001 -19"><span class='ocrx_word' id='word_1_219' title='bbox 99 2036 214 2107; x_wconf 89' lang='lat' dir='ltr'>pati</span> <span class='ocrx_word' id='word_1_220' title='bbox 251 2037 564 2091; x_wconf 85' lang='lat' dir='ltr'>candidatus</span> <span class='ocrx_word' id='word_1_221' title='bbox 603 2036 906 2109; x_wconf 76' lang='lat' dir='ltr'>suffragial&#39;</span> 
     </span>
    </p>

    <p class='ocr_par' dir='ltr' id='par_1_8' title="bbox 101 2123 1861 2347">
     <span class='ocr_line' id='line_1_28' title="bbox 247 2123 1861 2197; baseline 0 -17"><span class='ocrx_word' id='word_1_222' title='bbox 247 2123 550 2182; x_wconf 78' lang='lat' dir='ltr'>XXXVIII.</span> <span class='ocrx_word' id='word_1_223' title='bbox 612 2125 1003 2181; x_wconf 86' lang='lat' dir='ltr'>Contumeliam</span> <span class='ocrx_word' id='word_1_224' title='bbox 1049 2127 1151 2181; x_wconf 83' lang='lat' dir='ltr'>tibi</span> <span class='ocrx_word' id='word_1_225' title='bbox 1200 2127 1330 2182; x_wconf 90' lang='lat' dir='ltr'>fecit</span> <span class='ocrx_word' id='word_1_226' title='bbox 1379 2127 1598 2197; x_wconf 89' lang='lat' dir='ltr'>aliquis·</span> <span class='ocrx_word' id='word_1_227' title='bbox 1650 2146 1802 2181; x_wconf 93' lang='lat' dir='ltr'>num·</span> <span class='ocrx_word' id='word_1_228' title='bbox 1837 2139 1861 2180; x_wconf 83' lang='lat'>1</span> 
     </span>
     <span class='ocr_line' id='line_1_29' title="bbox 101 2200 1802 2273; baseline 0.001 -19"><span class='ocrx_word' id='word_1_229' title='bbox 101 2200 231 2270; x_wconf 89' lang='lat' dir='ltr'>quid</span> <span class='ocrx_word' id='word_1_230' title='bbox 280 2202 536 2256; x_wconf 87' lang='lat' dir='ltr'>maiorem</span> <span class='ocrx_word' id='word_1_231' title='bbox 586 2219 747 2272; x_wconf 89' lang='lat' dir='ltr'>quam</span> <span class='ocrx_word' id='word_1_232' title='bbox 796 2201 1029 2273; x_wconf 87' lang='lat' dir='ltr'>Diogeni</span> <span class='ocrx_word' id='word_1_233' title='bbox 1078 2202 1406 2272; x_wconf 87' lang='lat' dir='ltr'>philosopho</span> <span class='ocrx_word' id='word_1_234' title='bbox 1454 2201 1660 2272; x_wconf 85' lang='lat' dir='ltr'>StoicO‚</span> <span class='ocrx_word' id='word_1_235' title='bbox 1715 2203 1802 2256; x_wconf 92' lang='lat' dir='ltr'>cui</span> 
     </span>
     <span class='ocr_line' id='line_1_30' title="bbox 101 2274 1801 2347; baseline 0.001 -18"><span class='ocrx_word' id='word_1_236' title='bbox 101 2274 166 2329; x_wconf 83' lang='lat' dir='ltr'>de</span> <span class='ocrx_word' id='word_1_237' title='bbox 217 2275 298 2329; x_wconf 89' lang='lat' dir='ltr'>ira</span> <span class='ocrx_word' id='word_1_238' title='bbox 349 2293 471 2330; x_wconf 90' lang='lat' dir='ltr'>cum</span> <span class='ocrx_word' id='word_1_239' title='bbox 525 2277 755 2330; x_wconf 82' lang='lat' dir='ltr'>maxime</span> <span class='ocrx_word' id='word_1_240' title='bbox 807 2276 1087 2330; x_wconf 88' lang='lat' dir='ltr'>disserenti</span> <span class='ocrx_word' id='word_1_241' title='bbox 1148 2277 1457 2331; x_wconf 89' lang='lat' dir='ltr'>adulescens</span> <span class='ocrx_word' id='word_1_242' title='bbox 1518 2280 1801 2347; x_wconf 83' lang='lat' dir='ltr'>protervus</span> 
     </span>
    </p>

    <p class='ocr_par' dir='ltr' id='par_1_9' title="bbox 27 2349 1858 2573">
     <span class='ocr_line' id='line_1_31' title="bbox 27 2349 1802 2422; baseline 0.002 -21"><span class='ocrx_word' id='word_1_243' title='bbox 27 2365 72 2400; x_wconf 74' lang='grc' dir='ltr'><strong><em>ω</em></strong></span> <span class='ocrx_word' id='word_1_244' title='bbox 100 2349 340 2421; x_wconf 77' lang='lat' dir='ltr'>inspuit?</span> <span class='ocrx_word' id='word_1_245' title='bbox 413 2351 542 2404; x_wconf 85' lang='lat' dir='ltr'>tulit</span> <span class='ocrx_word' id='word_1_246' title='bbox 579 2351 682 2406; x_wconf 92' lang='lat' dir='ltr'>hoc</span> <span class='ocrx_word' id='word_1_247' title='bbox 720 2351 811 2405; x_wconf 82' lang='lat' dir='ltr'>isse</span> <span class='ocrx_word' id='word_1_248' title='bbox 847 2352 1041 2406; x_wconf 87' lang='lat' dir='ltr'>leniter</span> <span class='ocrx_word' id='word_1_249' title='bbox 1079 2354 1133 2405; x_wconf 88' lang='lat' dir='ltr'>et</span> <span class='ocrx_word' id='word_1_250' title='bbox 1170 2352 1458 2422; x_wconf 87' lang='lat' dir='ltr'>sapienter.</span> <span class='ocrx_word' id='word_1_251' title='bbox 1513 2351 1648 2406; x_wconf 76' lang='lat' dir='ltr'>‘non</span> <span class='ocrx_word' id='word_1_252' title='bbox 1687 2351 1802 2422; x_wconf 88' lang='lat' dir='ltr'>qui-</span> 
     </span>
     <span class='ocr_line' id='line_1_32' title="bbox 102 2423 1802 2497; baseline 0.001 -19"><span class='ocrx_word' id='word_1_253' title='bbox 102 2423 247 2478; x_wconf 86' lang='lat' dir='ltr'>dem&#39;</span> <span class='ocrx_word' id='word_1_254' title='bbox 298 2425 476 2495; x_wconf 88' lang='lat' dir='ltr'>inquit</span> <span class='ocrx_word' id='word_1_255' title='bbox 528 2425 778 2495; x_wconf 72' lang='lat' dir='ltr'>‘ir-aecor,</span> <span class='ocrx_word' id='word_1_256' title='bbox 829 2425 919 2480; x_wconf 87' lang='lat' dir='ltr'>sed</span> <span class='ocrx_word' id='word_1_257' title='bbox 970 2425 1156 2479; x_wconf 89' lang='lat' dir='ltr'>dubito</span> <span class='ocrx_word' id='word_1_258' title='bbox 1206 2429 1388 2480; x_wconf 85' lang='lat' dir='ltr'>tamen</span> <span class='ocrx_word' id='word_1_259' title='bbox 1436 2445 1506 2480; x_wconf 91' lang='lat' dir='ltr'>an</span> <span class='ocrx_word' id='word_1_260' title='bbox 1556 2429 1802 2497; x_wconf 87' lang='lat' dir='ltr'>oporteat</span> 
     </span>
     <span class='ocr_line' id='line_1_33' title="bbox 101 2498 1858 2573; baseline 0.001 -20"><span class='ocrx_word' id='word_1_261' title='bbox 101 2498 291 2554; x_wconf 64' lang='lat' dir='ltr'>irasci?</span> <span class='ocrx_word' id='word_1_262' title='bbox 369 2504 570 2570; x_wconf 90' lang='lat' dir='ltr'>quanto</span> <span class='ocrx_word' id='word_1_263' title='bbox 611 2499 741 2556; x_wconf 76' lang='lat' dir='ltr'>Cato</span> <span class='ocrx_word' id='word_1_264' title='bbox 777 2505 960 2555; x_wconf 87' lang='lat' dir='ltr'>noster</span> <span class='ocrx_word' id='word_1_265' title='bbox 997 2501 1210 2555; x_wconf 76' lang='lat' dir='ltr'>melius!</span> <span class='ocrx_word' id='word_1_266' title='bbox 1287 2501 1405 2572; x_wconf 86' lang='lat' dir='ltr'>qui,</span> <span class='ocrx_word' id='word_1_267' title='bbox 1450 2519 1573 2556; x_wconf 91' lang='lat' dir='ltr'>cum</span> <span class='ocrx_word' id='word_1_268' title='bbox 1619 2501 1800 2573; x_wconf 87' lang='lat' dir='ltr'>agenti</span> <span class='ocrx_word' id='word_1_269' title='bbox 1831 2513 1858 2554; x_wconf 76' lang='lat'><strong>2</strong></span> 
     </span>
    </p>
   </div>
   <div class='ocr_carea' id='block_1_3' title="bbox 99 2630 1800 2933">
    <p class='ocr_par' dir='ltr' id='par_1_10' title="bbox 99 2630 1800 2933">
     <span class='ocr_line' id='line_1_34' title="bbox 249 2630 1800 2693; baseline 0.001 -16"><span class='ocrx_word' id='word_1_270' title='bbox 249 2630 280 2677; x_wconf 78' lang='lat'>4</span> <span class='ocrx_word' id='word_1_271' title='bbox 303 2632 415 2689; x_wconf 86' lang='lat' dir='ltr'>quia</span> <span class='ocrx_word' id='word_1_272' title='bbox 438 2632 538 2678; x_wconf 90' lang='lat' dir='ltr'>AL</span> <span class='ocrx_word' id='word_1_273' title='bbox 561 2631 733 2690; x_wconf 85' lang='lat' dir='ltr'>quibus</span> <span class='ocrx_word' id='word_1_274' title='bbox 761 2633 896 2679; x_wconf 74' lang='lat' dir='ltr'>Gertz</span> <span class='ocrx_word' id='word_1_275' title='bbox 922 2632 1106 2691; x_wconf 71' lang='lat' dir='ltr'>{sobria</span> <span class='ocrx_word' id='word_1_276' title='bbox 1130 2634 1177 2679; x_wconf 92' lang='lat' dir='ltr'><strong><em>A</em></strong></span> <span class='ocrx_word' id='word_1_277' title='bbox 1208 2632 1376 2678; x_wconf 85' lang='lat' dir='ltr'>sobriis</span> <span class='ocrx_word' id='word_1_278' title='bbox 1399 2633 1513 2692; x_wconf 82' lang='grc' dir='ltr'><em>υοῑ9.</em></span> <span class='ocrx_word' id='word_1_279' title='bbox 1538 2633 1556 2693; x_wconf 89' lang='grc' dir='ltr'>ΙΙ</span> <span class='ocrx_word' id='word_1_280' title='bbox 1580 2631 1640 2678; x_wconf 79' lang='grc'>28</span> <span class='ocrx_word' id='word_1_281' title='bbox 1662 2632 1800 2679; x_wconf 85' lang='lat' dir='ltr'>verba</span> 
     </span>
     <span class='ocr_line' id='line_1_35' title="bbox 102 2690 1799 2752; baseline 0.002 -16"><span class='ocrx_word' id='word_1_282' title='bbox 102 2690 142 2736; x_wconf 70' lang='lat' dir='ltr'>si</span> <span class='ocrx_word' id='word_1_283' title='bbox 173 2691 406 2738; x_wconf 76' lang='lat' dir='ltr'>orationes</span> <span class='ocrx_word' id='word_1_284' title='bbox 430 2692 530 2737; x_wconf 78' lang='lat' dir='ltr'>eius</span> <span class='ocrx_word' id='word_1_285' title='bbox 554 2691 845 2750; x_wconf 83' lang='lat' dir='ltr'>improbares</span> <span class='ocrx_word' id='word_1_286' title='bbox 872 2699 955 2739; x_wconf 79' lang='lat' dir='ltr'>aut</span> <span class='ocrx_word' id='word_1_287' title='bbox 975 2695 1075 2739; x_wconf 80' lang='lat' dir='ltr'>sim.</span> <span class='ocrx_word' id='word_1_288' title='bbox 1101 2693 1318 2739; x_wconf 77' lang='lat' dir='ltr'>addenda</span> <span class='ocrx_word' id='word_1_289' title='bbox 1341 2707 1432 2739; x_wconf 74' lang='lat' dir='ltr'>esse</span> <span class='ocrx_word' id='word_1_290' title='bbox 1453 2693 1572 2739; x_wconf 76' lang='lat' dir='ltr'>vidit</span> <span class='ocrx_word' id='word_1_291' title='bbox 1595 2693 1761 2750; x_wconf 77' lang='lat' dir='ltr'>Haupt</span> <span class='ocrx_word' id='word_1_292' title='bbox 1793 2693 1799 2752; x_wconf 91' lang='grc' dir='ltr'>Ι</span> 
     </span>
     <span class='ocr_line' id='line_1_36' title="bbox 99 2748 1664 2811; baseline 0.003 -16"><span class='ocrx_word' id='word_1_293' title='bbox 99 2748 161 2795; x_wconf 75' lang='lat'>82</span> <span class='ocrx_word' id='word_1_294' title='bbox 222 2754 366 2797; x_wconf 81' lang='lat' dir='ltr'>nanto</span> <span class='ocrx_word' id='word_1_295' title='bbox 397 2750 513 2798; x_wconf 85' lang='lat' dir='ltr'>Cato</span> <span class='ocrx_word' id='word_1_296' title='bbox 544 2754 703 2798; x_wconf 77' lang='lat' dir='ltr'>noster</span> <span class='ocrx_word' id='word_1_297' title='bbox 733 2754 919 2800; x_wconf 79' lang='lat' dir='ltr'>Fickert</span> <span class='ocrx_word' id='word_1_298' title='bbox 949 2754 1127 2811; x_wconf 85' lang='lat' dir='ltr'>quanto</span> <span class='ocrx_word' id='word_1_299' title='bbox 1157 2755 1317 2798; x_wconf 81' lang='lat' dir='ltr'>noster</span> <span class='ocrx_word' id='word_1_300' title='bbox 1338 2754 1409 2809; x_wconf 88' lang='lat' dir='ltr'>A,</span> <span class='ocrx_word' id='word_1_301' title='bbox 1439 2754 1492 2798; x_wconf 77' lang='lat' dir='ltr'>in</span> <span class='ocrx_word' id='word_1_302' title='bbox 1521 2766 1664 2811; x_wconf 76' lang='lat' dir='ltr'>marq.</span> 
     </span>
     <span class='ocr_line' id='line_1_37' title="bbox 102 2809 1798 2870; baseline 0.002 -15"><span class='ocrx_word' id='word_1_303' title='bbox 102 2809 172 2855; x_wconf 76' lang='lat' dir='ltr'>A·</span> <span class='ocrx_word' id='word_1_304' title='bbox 233 2824 258 2856; x_wconf 87' lang='lat' dir='ltr'>e</span> <span class='ocrx_word' id='word_1_305' title='bbox 290 2814 456 2857; x_wconf 82' lang='lat' dir='ltr'>catone</span> <span class='ocrx_word' id='word_1_306' title='bbox 490 2826 561 2858; x_wconf 90' lang='grc' dir='ltr'><strong>.ιι.</strong></span> <span class='ocrx_word' id='word_1_307' title='bbox 580 2812 819 2859; x_wconf 75' lang='lat' dir='ltr'>·C&#39;atom&#39;s</span> <span class='ocrx_word' id='word_1_308' title='bbox 856 2827 1020 2859; x_wconf 80' lang='lat' dir='ltr'>nomen</span> <span class='ocrx_word' id='word_1_309' title='bbox 1057 2826 1152 2859; x_wconf 77' lang='lat' dir='ltr'>non</span> <span class='ocrx_word' id='word_1_310' title='bbox 1188 2813 1562 2869; x_wconf 56' lang='lat' dir='ltr'>ambendum,</span> <span class='ocrx_word' id='word_1_311' title='bbox 1598 2812 1678 2858; x_wconf 71' lang='lat' dir='ltr'>sed</span> <span class='ocrx_word' id='word_1_312' title='bbox 1709 2825 1798 2870; x_wconf 80' lang='lat' dir='ltr'>pro</span> 
     </span>
     <span class='ocr_line' id='line_1_38' title="bbox 102 2846 1796 2933; baseline 0.001 -18"><span class='ocrx_word' id='word_1_313' title='bbox 102 2873 279 2927; x_wconf 75' lang='lat' dir='ltr'>quanto</span> <span class='ocrx_word' id='word_1_314' title='bbox 307 2846 670 2918; x_wconf 57' lang='lat' dir='ltr'>absumendum</span> <span class='ocrx_word' id='word_1_315' title='bbox 700 2886 791 2919; x_wconf 68' lang='lat' dir='ltr'>esse</span> <span class='ocrx_word' id='word_1_316' title='bbox 821 2878 967 2919; x_wconf 69' lang='lat' dir='ltr'>censet</span> <span class='ocrx_word' id='word_1_317' title='bbox 989 2873 1215 2921; x_wconf 70' lang='lat' dir='ltr'>Schultess</span> <span class='ocrx_word' id='word_1_318' title='bbox 1250 2873 1256 2933; x_wconf 88' lang='grc' dir='ltr'>Ι</span> <span class='ocrx_word' id='word_1_319' title='bbox 1294 2872 1377 2931; x_wconf 85' lang='lat' dir='ltr'>qui</span> <span class='ocrx_word' id='word_1_320' title='bbox 1397 2874 1443 2919; x_wconf 90' lang='lat' dir='ltr'><strong><em>A</em></strong></span> <span class='ocrx_word' id='word_1_321' title='bbox 1468 2872 1544 2918; x_wconf 87' lang='lat' dir='ltr'>cui</span> <span class='ocrx_word' id='word_1_322' title='bbox 1567 2882 1596 2917; x_wconf 75' lang='grc' dir='ltr'><strong><em>ς</em></strong></span> <span class='ocrx_word' id='word_1_323' title='bbox 1619 2876 1662 2920; x_wconf 80' lang='lat' dir='ltr'>et</span> <span class='ocrx_word' id='word_1_324' title='bbox 1682 2873 1796 2930; x_wconf 81' lang='grc' dir='ltr'><em>υοῐ9.</em></span> 
     </span>
    </p>
   </div>
   <div class='ocr_carea' id='block_1_4' title="bbox 194 2959 1439 3008">
    <p class='ocr_par' dir='ltr' id='par_1_11' title="bbox 194 2959 1439 3008">
     <span class='ocr_line' id='line_1_39' title="bbox 194 2959 1439 3008; baseline 0.002 -13"><span class='ocrx_word' id='word_1_325' title='bbox 194 2959 387 2998; x_wconf 67' lang='lat' dir='ltr'>flmcu</span> <span class='ocrx_word' id='word_1_326' title='bbox 407 2968 547 2998; x_wconf 69' lang='lat' dir='ltr'>ortu</span> <span class='ocrx_word' id='word_1_327' title='bbox 568 2963 598 2997; x_wconf 86' lang='lat'>1.</span> <span class='ocrx_word' id='word_1_328' title='bbox 617 2965 647 2997; x_wconf 85' lang='lat'>1.</span> <span class='ocrx_word' id='word_1_329' title='bbox 664 2962 721 2997; x_wconf 76' lang='lat' dir='ltr'>ed.</span> <span class='ocrx_word' id='word_1_330' title='bbox 739 2964 947 2999; x_wconf 76' lang='lat' dir='ltr'>Hermu.</span> <span class='ocrx_word' id='word_1_331' title='bbox 1384 2967 1439 3008; x_wconf 87' lang='lat'>10</span> 
     </span>
    </p>
   </div>
  </div>
 </body>
</html>
