2034 3086
215 66 286 120 84
539 64 589 108 L.
616 63 857 108 ANNAEI-
882 62 1158 109 SENECAE
1189 64 1347 109 DIAL.
1373 65 1484 110 LIB.
1509 66 1586 112 IV.

214 185 450 255 animus,
489 186 746 255 optinuit:
819 184 1037 255 quidam
1087 179 1156 240 ne
1206 205 1463 257 umquam
1509 188 1747 243 riderent
1796 207 1917 243 con-

214 260 386 314 secuti
436 263 584 330 sunt3
637 260 762 313 vino
815 260 1057 330 quidam,
1106 261 1199 315 alii
1247 280 1462 332 venere,
1509 262 1727 332 quidam
1772 265 1918 318 omni

213 354 401 389 umore
455 335 775 389 interdixere
831 335 1170 406 corporibus3
1232 336 1368 390 alius
1430 340 1714 392 contentus
1769 338 1919 393 brevi

215 429 404 464 somno
467 409 707 481 vigiliam
770 410 1231 482 indefatigabilem
1295 413 1557 483 extendit3
1619 412 1919 468 didicerunt

213 484 541 539 tenuissimis
582 487 636 538 et
667 484 909 554 *adversis
949 485 1169 540 funibus
1210 504 1420 541 currere
1452 491 1507 542 et
1537 488 1777 559 ingentia
1806 489 1918 542 vix-

215 578 318 629 que
371 559 620 613 humanis
675 558 954 613 toleranda
1006 559 1212 614 viribus
1269 580 1431 616 onera
1487 565 1701 632 portare
1756 567 1809 617 et
1862 563 1920 616 in

213 635 508 688 inmensam
565 634 905 688 altitudinem
960 635 1131 707 mergi
1186 654 1247 690 ac
1298 636 1412 690 sine
1462 638 1574 691 ulla
1622 638 1919 708 respirandi

213 709 326 763 vice
381 709 589 778 perpeti
644 709 833 763 maria:
888 710 1037 764 mille
1092 714 1219 764 sunt
1273 711 1400 781 alia,
1453 712 1511 766 in
1558 713 1752 782 quibus
1803 731 1920 783 per-

211 783 410 837 tinacia
475 784 901 854 inpedimentum
966 803 1124 838 omne
1185 787 1517 840 transcendit
1578 787 1919 858 ostenditque

211 858 349 912 nihil
404 876 518 913 esse
573 858 793 913 difficile
847 859 999 913 cuius
1055 860 1159 914 sibi
1211 861 1329 931 ipsa
1389 879 1540 915 1110118
1602 862 1918 932 patientiam

212 933 485 988 indiceret.
561 933 679 987 istis
722 952 856 1004 quos
896 935 1058 1004 paulo
1100 938 1224 989 ante
1262 936 1449 990 rettuli
1488 939 1582 990 aut
1618 938 1770 991 nulla
1807 940 1919 991 tani

211 1008 498 1078 pertinacis
550 1009 714 1062 studii
765 1012 859 1063 aut
904 1028 1015 1063 non
1061 1010 1225 1082 digna
1263 1029 1465 1066 merces
1503 1011 1609 1065 fuit
1663 1043 1733 1051 —
1791 1013 1919 1082 quid

212 1083 354 1137 enim
411 1084 760 1155 magnificum
815 1085 1164 1154 consequitur
1213 1085 1306 1139 1110
1358 1086 1451 1156 qui
1501 1086 1791 1141 meditatus
1839 1091 1920 1141 est

212 1177 308 1228 per
346 1158 581 1212 intentos
620 1159 777 1213 funes
816 1159 929 1212 ire?
1006 1159 1099 1230 qui
1146 1160 1386 1215 sarcinae
1432 1161 1642 1233 ingenti
1689 1161 1919 1216 cervices

211 1233 549 1303 supponere?
626 1235 719 1304 qui
767 1252 956 1288 somno
1002 1253 1115 1289 non
1152 1235 1489 1290 summittere
1529 1236 1750 1291 oculos?
1827 1238 1921 1307 qui

211 1311 489 1378 penetrare
523 1309 581 1362 in
612 1309 781 1362 imum
815 1309 997 1363 mare?
1034 1341 1108 1348 -—-
1147 1314 1202 1364 et
1232 1314 1414 1364 tamen
1446 1312 1514 1364 ad
1546 1313 1708 1366 finem
1744 1312 1919 1383 operis

210 1401 320 1436 non
359 1401 556 1455 magno
598 1387 1002 1438 auctoramento
1042 1385 1197 1439 labor
1234 1386 1500 1455 pervenit:
1543 1404 1642 1440 nos
1682 1405 1793 1440 non
1832 1387 1920 1439 ad-

210 1458 522 1512 vocabimus
555 1458 890 1529 patientiam,
921 1478 1055 1529 quos
1087 1463 1300 1514 tantum
1332 1460 1632 1530 praemium
1658 1464 1920 1532 expectat,

209 1533 381 1587 felicis
406 1533 574 1587 animi
599 1534 826 1588 immota
850 1535 1250 1605 tranquillitas?
1294 1539 1555 1606 quantum
1580 1539 1663 1590 est
1686 1537 1919 1608 effugere

212 1608 505 1662 maximum
537 1610 740 1663 malum
750 1651 766 1679 ,
804 1610 963 1679 iram,
1003 1613 1056 1663 et
1089 1628 1210 1664 cum
1242 1611 1336 1664 illa
1366 1611 1595 1680 rabiem,
1625 1611 1920 1680 saevitiam,

212 1683 607 1752 crudelitatem,
643 1684 908 1754 furorem,
946 1685 1080 1738 alios
1121 1685 1343 1739 comites
1384 1686 1496 1740 eius
1538 1686 1803 1740 adfectus!

361 1757 490 1811 XIII
567 1759 696 1812 Non
728 1762 810 1813 est
842 1760 986 1829 quod
1018 1760 1377 1830 patrocinium
1408 1761 1566 1815 nobis
1600 1780 1918 1831 quaeramus

211 1836 266 1886 et
305 1837 611 1887 excusatam
653 1834 951 1904 licentiam,
1000 1835 1235 1889 dicentes
1276 1839 1369 1890 aut
1406 1836 1540 1889 utile
1578 1836 1634 1889 id
1673 1854 1787 1890 esse
1827 1840 1920 1889 aut

210 1908 543 1978 inevitabile3
595 1909 682 1963 cui
733 1910 874 1962 enim
925 1910 1143 1963 tandem
1195 1910 1327 1964 vitio
1376 1911 1666 1965 advocatus
1715 1910 1920 1964 defuit?

209 2001 320 2036 non
383 1987 465 2037 est
527 1985 671 2053 quod
735 1984 876 2038 dicas
942 1985 1116 2038 excidi
1177 2003 1288 2039 non
1341 2003 1522 2055 posse:
1589 1986 1918 2039 sanabilibus

210 2061 552 2129 aegrotamus
604 2059 760 2112 malis
812 2060 1034 2129 ipsaque
1081 2078 1180 2114 nos
1228 2060 1286 2114 in
1331 2064 1538 2115 rectum
1579 2061 1790 2132 genitos
1829 2080 1919 2114 na-

210 2135 354 2202 tura,
394 2133 438 2186 si
478 2134 749 2188 emendari
788 2135 1042 2204 velimuS,
1080 2135 1243 2188 iuvat.
1320 2153 1442 2206 nec,
1489 2139 1551 2190 ut
1598 2135 1918 2206 quibusdam

359 2295 387 2339 ‘2
418 2294 598 2340 Uenere
623 2297 668 2341 L
692 2311 750 2341 m.
779 2301 804 2340 1
815 2313 832 2351 ;
862 2297 961 2341 alia
992 2311 1159 2342 manus
1181 2311 1326 2354 supra
1350 2311 1374 2342 0
1398 2299 1583 2354 finalem
1609 2298 1625 2342 i
1648 2312 1731 2343 scr.
1756 2299 1918 2343 ueneri

210 2355 256 2398 A
292 2354 297 2414 l
333 2356 460 2399 omni
490 2369 651 2400 umore
682 2361 798 2401 certe
828 2357 990 2400 habuit
1020 2357 1090 2401 Α1
1122 2358 1247 2401 omni
1279 2358 1330 2401 in
1360 2358 1507 2414 reA⁵
1538 2358 1665 2402 omni
1695 2358 1917 2402 unctione

209 2414 437 2464 Schultess
446 2433 462 2469 ;
500 2417 582 2471 cfr.
623 2417 723 2461 Joh.
760 2416 938 2460 Mziller
970 2417 998 2460 l.
1025 2418 1053 2461 l.
1078 2431 1128 2473 p.
1157 2422 1182 2461 1
1214 2423 1257 2462 et
1290 2417 1425 2462 Gertz
1457 2419 1582 2462 Berl.
1613 2418 1734 2463 Phil.
1769 2419 1914 2463 Wsch.

209 2477 326 2519 1889
357 2489 407 2531 p.
432 2479 519 2519 405
561 2475 577 2533 ΙΙ
619 2474 649 2519 4
686 2490 830 2532 supra
867 2475 1136 2520 didicerunt
1168 2477 1316 2522 adscr.
1343 2477 1412 2521 Α6
1446 2492 1491 2521 ,8.
1528 2477 1610 2521 alii
1640 2513 1654 2533 ,
1686 2479 1793 2522 item
1823 2491 1862 2522 v.
1890 2482 1916 2522 7

208 2547 353 2590 supra
393 2534 692 2579 altitudinem
732 2536 839 2580 add.
875 2550 921 2580 ,8.
957 2536 1100 2579 maris
1146 2536 1162 2595 Η
1207 2536 1264 2581 21
1307 2536 1423 2581 alios
1464 2538 1657 2582 comites
1698 2538 1798 2582 eius
1835 2537 1916 2580 ad-

208 2592 406 2637 fectusl'
446 2594 565 2638 Non.
593 2597 664 2639 est
702 2607 729 2638 ς
771 2601 813 2640 et
853 2596 966 2653 voly.
1008 2597 1116 2640 inde
1156 2611 1186 2640 a
1218 2597 1381 2653 Lipsio
1425 2597 1542 2641 alios
1582 2598 1775 2641 comites
1816 2597 1914 2654 ejus

210 2652 414 2707 affectus
440 2653 570 2710 ejus?
617 2669 710 2698 non
735 2657 806 2699 est
830 2656 875 2700 A
905 2655 1023 2699 alios
1049 2656 1243 2700 comites
1269 2657 1367 2701 eius
1392 2659 1439 2701 et
1464 2657 1665 2702 asseclas
1684 2658 1885 2715 Bentley
1900 2655 1914 2718 Η

209 2712 268 2756 22
291 2715 608 2769 patrocinium
627 2715 844 2770 <vitii>
863 2714 998 2759 nobis
1016 2729 1297 2771 quaeramus
1319 2719 1364 2760 et
1382 2731 1655 2762 excusemus
1670 2718 1912 2769 Matthias,

210 2775 482 2817 excusatam
512 2774 744 2830 <mali>
770 2775 1010 2819 licentiam
1040 2776 1142 2821 Joh.
1171 2777 1348 2820 Bsz'iller
1379 2778 1510 2831 coni„
1543 2778 1638 2821 scil.
1671 2783 1724 2822 ut
1755 2776 1803 2820 id
1834 2778 1913 2820 Iea-

211 2833 330 2877 beret
365 2847 452 2890 quo
490 2835 737 2888 referretur
747 2852 762 2888 ;
799 2848 893 2879 ’11οη
933 2835 1080 2890 video,
1119 2851 1201 2880 eur
1231 2850 1325 2881 non
1356 2837 1418 2880 ad
1449 2837 1705 2880 maximum
1738 2836 1912 2880 malum

209 2906 248 2936 υ.
273 2895 334 2937 20
365 2894 594 2947 referatur

1953 881 1994 913 1⁰

1953 1255 1994 1288 15

1952 1630 1995 1662 20
2030 1617 2034 1629 ⁴

2031 1725 2034 1750 ἕ

2028 1774 2034 1877 i

1952 2004 1994 2036 25

2027 2696 2034 2830 Q„
2027 2485 2034 2678 —=-.-.--,..—-
