2034 3086
194 199 213 236 1

255 64 359 117 116
592 62 640 106 L.
667 60 902 105 ANNAEI
934 60 1207 106 SENECAE
1238 61 1396 106 DIAL.
1421 59 1532 105 LIB.
1558 61 1613 106 V.

399 182 515 237 VII.
570 181 718 236 Idem
750 182 986 236 accidere
1018 183 1075 235 in
1098 176 1254 236 rebus
1287 183 1533 236 civilibus
1558 201 1621 237 ac
1644 184 1948 238 domesticis

250 258 399 312 scias.
475 258 692 328 negotia
738 258 984 327 expedita
1030 260 1083 310 et
1121 258 1322 311 habilia
1361 261 1656 327 sequuntur
1702 263 1949 328 actorem,

247 333 487 404 ingentia
525 335 577 385 et
617 351 778 401 supra
816 350 1118 385 mensuram
1150 332 1380 403 gerentis
1419 351 1517 386 nec
1548 333 1676 386 dant
1707 351 1762 387 se
1793 334 1949 388 facile

248 409 315 477 et,
378 408 424 461 si
479 410 737 476 occupata
800 410 945 475 sunt,
994 410 1257 492 premunt
1309 410 1469 476 atque
1530 407 1802 461 abducunt
1862 408 1950 461 ad·

248 449 637 535 ministrantem
677 467 950 551 tenerique
989 482 1096 534 iam
1135 482 1251 535 visa
1289 500 1411 535 cum
1449 483 1568 551 ipso
1609 481 1826 536 cadunt:
1873 483 1950 536 ita

246 557 332 624 fit,
386 559 447 608 ut
499 555 806 625 frequenter
859 556 1020 608 inrita
1075 556 1146 609 sit
1199 557 1312 609 eius
1366 557 1638 626 voluntas,
1692 557 1786 626 qui
1838 575 1949 610 non

249 649 383 700 quae
421 630 602 683 facilia
640 634 767 684 sunt
804 630 1126 701 adgreditur,
1166 631 1258 684 sed
1288 631 1406 683 vult
1446 631 1624 684 facilia
1661 649 1773 686 esse
1814 648 1949 700 quae

247 705 528 774 adgressus
569 708 661 758 est.
742 706 986 774 quotiens
1026 705 1230 774 aliquid
1269 705 1568 775 conaberiS,
1605 709 1658 760 te
1697 706 1858 760 simul
1896 708 1950 758 et

246 798 330 847 ea,
376 798 512 849 quae
552 799 707 849 paras
756 781 1055 849 quibusque
1102 780 1304 849 pararis
1353 780 1488 849 ipse,
1535 782 1744 850 metire;
1789 780 1950 834 faciet

247 854 389 907 enim
419 857 472 907 te
498 873 745 924 asperum
776 855 1102 924 paenitentia
1134 855 1309 925 operis
1342 854 1541 908 infecti.
1595 855 1699 909 hoc
1730 856 1949 909 interest

246 931 429 982 utrum
470 930 589 999 quis
630 930 821 983 fervidi
861 929 930 982 sit
964 928 1168 1000 ingenii
1200 949 1269 983 an
1299 929 1483 1000 frigidi
1515 932 1675 999 atque
1706 931 1948 983 humilis:

154 1028 158 1029 ff
246 1021 505 1075 generoso
575 1006 789 1074 repulsa
842 1004 976 1056 iram
1031 1004 1312 1074 exprimet,
1373 1004 1630 1075 languido
1685 1005 1948 1074 inertique

245 1079 534 1132 tristitiam.
614 1098 740 1151 ergo
789 1079 1024 1132 actiones
1069 1083 1284 1133 nostrae
1322 1098 1420 1133 nec
1466 1098 1662 1148 parvae
1706 1080 1815 1133 sint
1850 1098 1949 1134 nec

247 1152 471 1207 audaces
512 1156 567 1207 et
596 1154 874 1223 inprobae,
914 1154 970 1206 in
1002 1153 1239 1208 vicinum
1271 1173 1390 1224 spes
1423 1157 1596 1223 exeat,
1627 1153 1765 1207 nihil
1796 1173 1948 1208 cone-

246 1246 380 1297 mur,
421 1228 565 1297 quod
605 1247 731 1282 mox
770 1228 949 1297 adepti
990 1246 1203 1298 quoque
1243 1230 1558 1283 successisse
1598 1229 1865 1282 miremur

397 1316 540 1370 VIII.
612 1317 812 1370 Demus
876 1335 1108 1387 operam,
1170 1337 1237 1371 ne
1299 1319 1622 1388 accipiamus
1683 1317 1947 1388 iniuriam,

248 1391 374 1460 quia
405 1392 542 1445 ferre
579 1393 859 1446 nescimus.
945 1411 1067 1446 cum
1106 1393 1468 1462 placidissimo
1508 1396 1562 1446 et
1598 1393 1855 1446 facillimo
1896 1397 1950 1446 et

247 1465 465 1520 minime
513 1467 672 1520 anxio
719 1485 1039 1536 morosoque
1086 1467 1374 1521 vivendum
1428 1471 1530 1536 est3
1585 1470 1868 1521 sumuntur
1917 1486 1949 1520 a

247 1541 684 1595 conversantibus
701 1560 874 1596 mores
899 1545 952 1595 et
965 1545 1036 1595 ·ut
1059 1542 1318 1611 quaedam
1335 1543 1392 1595 in
1409 1546 1683 1596 contactos
1709 1543 1947 1612 corporis

246 1615 378 1668 vitia
415 1616 738 1685 transiliunt,
778 1618 853 1669 ita
893 1617 1100 1670 animus
1139 1618 1282 1670 mala
1321 1636 1417 1671 sua
1447 1617 1723 1686 proxumis
1762 1617 1947 1670 tradit:

247 1691 485 1744 ebriosus
511 1691 843 1744 convictores
868 1692 925 1744 in
949 1710 1183 1745 amorem
1207 1692 1339 1746 meri
1362 1693 1540 1761 traxit,
1572 1692 1948 1761 inpudicorum

247 1768 430 1819 coetus
484 1766 678 1818 fortem
733 1784 947 1835 quoque
998 1770 1071 1835 et,
1110 1766 1149 1834 †
1189 1767 1234 1819 si
1271 1767 1451 1835 liceat,
1491 1767 1667 1820 virum
1706 1768 1946 1836 emolliit,

246 1840 469 1892 avaritia
507 1841 564 1893 in
602 1841 875 1910 proximos
914 1841 1060 1895 virus
1101 1860 1257 1895 suum
1294 1841 1582 1895 transtulit.
1660 1842 1843 1895 eadem
1882 1860 1947 1895 ex

246 1914 455 1967 diverso
487 1914 623 1968 ratio
656 1916 916 1968 virtutum
948 1919 1050 1984 est,
1081 1919 1143 1968 ut
1175 1935 1331 1969 omne
1363 1916 1508 1985 quod
1539 1934 1719 1969 secum
1749 1917 1948 1969 habent

247 1988 517 2060 mitigent3
570 2007 670 2043 nec
722 1993 832 2043 tam
877 1991 1172 2043 valetudini
1226 1990 1432 2060 profuit
1484 1991 1634 2044 utilis
1688 1991 1836 2061 regio
1892 1993 1946 2043 et

246 2064 511 2118 salubrius
559 2065 766 2118 caelum
813 2083 973 2134 quam
1020 2065 1211 2118 animis
1258 2084 1449 2135 pamm
1486 2065 1655 2119 firmis
1694 2065 1752 2118 in
1789 2065 1946 2119 turba

245 2138 464 2192 meliore
503 2139 717 2193 versari.
803 2157 938 2208 quae
984 2159 1067 2193 res
1122 2143 1382 2210 quantum
1434 2140 1607 2209 possit
1652 2139 1945 2211 intelleges,

392 2284 422 2329 4
454 2284 696 2330 abducunt
718 2287 823 2331 AL
855 2288 902 2343 (i.
921 2301 956 2331 e.
980 2287 1264 2341 fortreissen,
1295 2300 1354 2332 zu
1376 2287 1541 2335 Boden
1564 2301 1600 2331 r.
1626 2286 1710 2342 cfr.
1738 2291 1779 2342 1,
1795 2290 1824 2332 3
1846 2293 1942 2332 nat.

244 2360 317 2402 qu.
342 2345 426 2390 IV
443 2345 594 2402 praef.
629 2350 686 2390 11
722 2346 836 2390 dial.
862 2347 915 2391 X
936 2349 1041 2404 5,1)
1084 2347 1172 2391 alii
1214 2346 1457 2390 adducunt
1499 2345 1612 2390 obd-
1657 2346 1770 2391 ded-
1804 2360 1924 2403 prae

244 2407 447 2450 tulerunt
483 2404 499 2463 Η
532 2405 555 2449 7
589 2403 751 2462 facilia
783 2405 821 2462 (j
856 2420 913 2450 ex
942 2419 1055 2451 corr
1081 2405 1150 2450 A¹
1173 2420 1289 2463 quae
1310 2406 1402 2451 vid.
1428 2419 1457 2450 a
1479 2406 1671 2451 scribere
1693 2407 1906 2464 coepisse)
1927 2406 1944 2466 ΙΙ

245 2467 301 2511 11
338 2467 492 2524 igenii
515 2468 561 2512 A
604 2468 646 2523 (i
680 2482 736 2512 ea:
775 2482 890 2514 corr.
921 2469 1026 2524 fort.
1060 2484 1117 2513 m.
1145 2474 1186 2523 1,
1221 2483 1338 2526 quae
1372 2470 1569 2514 litteram
1603 2469 1810 2526 aliquam
1835 2474 1945 2525 poet

245 2527 307 2570 sit
342 2528 496 2584 erasit)
537 2527 554 2586 Η
595 2526 654 2571 13
690 2541 869 2584 paruae
900 2529 959 2574 A.
1000 2543 1064 2573 an
1093 2528 1251 2573 variae
1282 2529 1381 2573 coll.
1407 2543 1443 2573 c.
1469 2532 1512 2583 6,
1527 2527 1590 2573 3?
1625 2527 1642 2588 ΙΙ
1680 2528 1738 2572 16
1776 2528 1870 2588 nell
1895 2530 1942 2573 A

244 2588 288 2644 (c
320 2589 453 2644 eras.)
495 2586 512 2647 Η
553 2586 611 2631 18
642 2600 879 2644 morosoq3
923 2590 975 2632 in
1012 2603 1103 2633 ras.
1137 2588 1206 2633 A⁵
1236 2594 1422 2647 praeter
1451 2602 1498 2631 m
1530 2588 1754 2644 litteram
1791 2603 1847 2634 ex
1873 2588 1942 2633 A¹

244 2647 477 2702 scriptura
507 2646 841 2703 dispieiwntwr:
871 2662 999 2692 mor.
1019 2662 1069 2692 s.
1089 2663 1169 2704 .;q
1200 2647 1217 2707 ΙΙ
1250 2647 1309 2692 22
1340 2647 1379 2692 81
1408 2638 1597 2692 siliceat
1625 2647 1732 2692 uiru
1755 2648 1802 2693 A
1832 2653 1875 2693 et
1896 2648 1941 2692 L

245 2711 453 2762 corrupte
485 2707 533 2751 et
563 2706 774 2751 siliceum
804 2707 956 2751 virum
988 2684 1247 2753 Pincianus
1281 2709 1330 2751 et
1360 2707 1562 2752 solidum
1592 2707 1742 2751 virum
1776 2707 1940 2753 Corne-

246 2766 382 2810 lissen
425 2767 492 2820 et,
533 2766 574 2809 si
611 2765 791 2823 p‚lacet
821 2767 973 2811 virum
1006 2767 1143 2812 Gertz
1181 2769 1248 2812 et.
1289 2767 1329 2811 si
1360 2766 1419 2811 lis
1451 2769 1573 2821 erat,
1605 2781 1645 2811 v.
1674 2768 1942 2824 Petscheniq

246 2825 345 2881 (cfr.
372 2838 439 2881 ep.
466 2829 508 2880 7,
524 2828 570 2882 7)
601 2825 617 2885 Η
646 2825 706 2870 23
735 2826 995 2870 transfudit
1024 2828 1194 2872 mavolt
1217 2827 1410 2872 Wolters
1438 2826 1455 2886 ΙΙ
1484 2826 1544 2871 25
1572 2825 1704 2870 utilis
1729 2827 1795 2881 A,
1820 2826 1941 2883 quod

244 2884 450 2939 defendit
484 2884 770 2930 Studemund
804 2886 926 2931 Phil.
960 2887 1130 2932 Wschr.
1165 2889 1280 2931 1881
1314 2901 1365 2943 p.
1393 2889 1484 2932 357
1521 2886 1649 2931 mitis
1682 2887 1941 2944 Heusinger
2031 2954 2034 2960 -

2002 498 2023 532 5

1980 871 2024 904 10

1980 1243 2022 1278 16

1977 1632 2022 1665 20

1976 2004 2020 2038 85
