2034 3086
253 76 364 132 164
579 74 630 120 L.
655 41 890 118 ANNAEI
921 73 1194 120 SENECAE
1226 75 1381 121 DIAL.
1408 75 1519 120 LIB.
1546 76 1622 120 VI.

248 197 358 249 trio
409 195 574 266 digna
622 197 781 263 atque
830 194 1051 267 indigna
1095 195 1318 265 passuri.
1396 196 1710 266 corporibus
1748 200 1947 253 nostris

253 270 582 338 inpotenter,
643 270 1050 339 contumeliose,
1115 270 1400 324 crudeliter
1467 272 1751 328 abuteturt.
1812 274 1946 327 alios

251 342 468 414 ignibus
529 346 744 412 peruret
803 344 890 397 vel
944 344 1001 397 in
1052 361 1280 413 poenam
1337 344 1566 398 admotis
1619 347 1706 399 vel
1758 347 1815 400 in
1868 367 1947 402 re-

250 416 511 486 medium3
550 417 683 472 alios
715 418 935 471 vinciet:
974 418 1030 471 id
1060 436 1205 472 nunc
1234 418 1382 472 hosti
1409 418 1618 487 licebit,
1644 438 1788 474 nunc
1819 422 1947 492 civi3

253 491 387 544 alios
426 510 521 560 per
557 491 759 545 incerta
794 491 968 545 nudos
1007 492 1177 545 maria
1214 491 1435 546 iactabit
1472 495 1526 546 et
1561 493 1794 547 luctatos
1826 512 1948 548 cum

252 564 501 620 fluctibus
555 584 623 619 ne
675 567 734 619 in
786 566 1038 619 harenam
1091 565 1306 635 quidem
1359 568 1454 620 aut
1499 566 1629 621 litus
1683 567 1951 637 explodet,

249 639 343 693 sed
396 639 455 694 in
508 639 733 694 alicuius
795 639 1066 693 inmensae
1120 642 1360 695 ventrem
1419 641 1606 696 beluae
1668 641 1950 713 decondet3

251 714 384 768 alios
436 714 748 768 morborum
794 714 936 767 varis
987 714 1268 784 generibus
1315 719 1640 771 emaceratos
1679 716 1772 770 diu
1810 718 1950 772 inter

256 789 419 842 vitam
468 792 811 857 mortemque·
852 787 1056 842 medios
1108 788 1379 844 detinebit.
1455 793 1518 843 ut
1554 791 1703 844 varia
1740 795 1794 845 et
1830 792 1948 846 libi-

249 863 442 915 dinosa
514 862 1010 932 mancipiorumque
1082 881 1302 917 suorum
1373 864 1663 934 neglegens
1733 865 1949 919 domina

250 939 304 989 et
342 935 530 1006 poenis
570 939 624 990 et
660 937 970 991 muneribus
1010 938 1220 990 errabit.

191 1040 214 1078 1
398 1023 488 1078 XI.
553 1024 694 1088 Quid
744 1042 880 1094 opus
931 1027 1012 1077 est
1060 1027 1238 1093 partes
1290 1025 1518 1079 deflere?
1593 1029 1710 1080 tota
1754 1026 1947 1081 flebilis

250 1099 361 1152 vita
399 1102 501 1152 est:
541 1099 810 1170 urgebunt
845 1116 987 1151 nova
1024 1099 1387 1169 incommoda,
1417 1100 1732 1170 priusquam
1763 1102 1948 1154 veteri-

249 1174 349 1227 bus
382 1173 511 1226 satis
539 1172 744 1225 feceris.
805 1173 1191 1227 moderandum
1216 1177 1297 1228 est
1319 1175 1501 1243 itaque
1524 1175 1679 1228 vobis
1704 1175 1948 1244 maxime,

248 1265 386 1316 quae
437 1246 764 1300 inmoderate
814 1247 988 1316 fertiS,
1038 1251 1092 1301 et
1137 1248 1194 1300 in
1239 1248 1438 1301 multos
1478 1249 1689 1303 dolores
1727 1248 1950 1302 humani

251 1321 482 1389 pectoris
522 1322 602 1375 vis
641 1321 1007 1390 dispensanda.
1078 1320 1226 1384 Quae
1266 1322 1455 1375 deinde
1486 1323 1589 1376 ista
1619 1342 1745 1377 suae
1775 1323 1949 1393 publi-

252 1413 448 1463 caeque
512 1395 841 1449 condicionis
906 1395 1108 1448 oblivio
1175 1395 1290 1448 est?
1388 1397 1631 1451 mortalis
1691 1401 1818 1451 nata
1878 1416 1949 1467 eS,

250 1470 502 1522 mortales
557 1469 834 1539 peperisti:
895 1472 1051 1538 putre
1100 1470 1219 1539 ipsa
1268 1470 1600 1540 fluidumque
1650 1489 1844 1541 corpus
1895 1475 1950 1526 et

251 1544 425 1597 causis
457 1543 496 1611 †
527 1544 743 1597 morbos
783 1544 1011 1613 repetita
1050 1544 1275 1613 sperasti
1305 1547 1416 1597 tam
1448 1545 1698 1598 inbecilla
1727 1547 1950 1600 materia

190 1630 217 1670 2
252 1618 424 1671 solida
462 1620 515 1670 et
554 1621 766 1671 aeterna
805 1617 1076 1689 gestasse?
1136 1618 1370 1672 decessit·
1396 1619 1540 1674 filius
1572 1621 1721 1688 tuus,
1759 1619 1814 1672 id
1853 1623 1948 1688 est,

251 1692 552 1745 decucurrit
582 1692 647 1745 ad
678 1692 823 1745 hunc
854 1692 1038 1761 finem,
1071 1692 1138 1744 ad
1169 1711 1329 1762 quem
1353 1711 1488 1762 quae
1519 1693 1760 1747 feliciora
1790 1696 1948 1763 partu

249 1768 345 1818 tuo
399 1768 556 1834 putas
609 1769 912 1834 properant.
995 1766 1101 1820 hoc
1155 1767 1330 1820 omnis
1384 1768 1488 1821 ista
1538 1785 1673 1836 quae
1721 1767 1780 1821 in
1827 1767 1946 1820 foro

248 1839 451 1910 litigat,
501 1843 690 1906 spectat
739 1840 795 1892 in
843 1841 1091 1909 theatris,
1140 1841 1197 1893 in
1242 1842 1459 1910 templis
1505 1845 1753 1911 precatur
1790 1842 1948 1895 turba

399 1984 429 2028 5
459 1983 660 2030 iactabit
690 1996 718 2029 ς
755 1986 957 2030 iactauit
979 1987 1025 2031 A
1066 1986 1082 2045 ΙΙ
1123 1986 1153 2030 6
1184 2000 1240 2030 ac
1270 1986 1384 2031 litus
1419 1986 1553 2031 Gertz
1590 1986 1607 2045 ΙΙ
1650 1987 1674 2031 7
1706 1986 1848 2031 belua
1879 1988 1948 2032 A¹

248 2059 363 2090 corr.
389 2059 447 2089 m.
471 2047 503 2088 2
542 2043 558 2101 ΙΙ
598 2044 627 2089 8
657 2046 783 2088 uaris
808 2047 854 2090 A
884 2045 1031 2089 uariis
1063 2047 1114 2090 F
1148 2046 1164 2105 Η
1204 2046 1261 2090 11
1302 2047 1350 2090 et
1389 2046 1600 2103 (secundo
1630 2046 1741 2102 loco)
1773 2048 1826 2090 in
1854 2061 1944 2092 ras.

249 2105 320 2149 Α5
361 2104 366 2161 Ι
411 2101 590 2148 errabit
619 2114 647 2147 ς
684 2105 860 2149 errauit
890 2106 936 2149 A
974 2104 990 2163 ΙΙ
1031 2104 1090 2148 15
1122 2118 1243 2160 quae
1274 2106 1320 2149 A
1350 2105 1470 2161 quod
1499 2119 1654 2149 verum
1683 2106 1876 2160 videtwr,
1906 2108 1948 2151 si

249 2164 431 2219 quidem
459 2163 728 2207 mulieribus
755 2165 837 2209 hoc
860 2165 1175 2220 praecipitum
1207 2178 1295 2221 pro
1324 2169 1485 2209 neutro
1510 2164 1635 2220 plur.
1660 2165 1794 2210 habet
1822 2166 1948 2210 Ellis
2032 2206 2034 2211 .

250 2223 334 2278 qui
365 2223 626 2267 Pincianus
660 2221 742 2278 qui
773 2235 829 2267 ea
862 2223 1060 2280 Madvig]
1104 2223 1114 2282 Ι.
1157 2224 1205 2267 et
1234 2223 1285 2267 in
1314 2222 1488 2268 multos
1520 2222 1701 2268 dolores
1732 2235 1761 2268 ς
1799 2225 1847 2267 et
1877 2224 1947 2267 in-

247 2279 424 2325 multos
463 2282 511 2325 et
549 2280 782 2326 indolores
818 2282 865 2327 A
906 2283 955 2326 et
992 2282 1043 2326 in
1078 2283 1231 2326 metus
1271 2284 1319 2327 et
1348 2283 1400 2327 in
1431 2281 1613 2327 dolores
1647 2297 1751 2328 cum
1781 2283 1890 2327 aliis
1920 2293 1948 2327 ς

248 2353 348 2384 ‘non
371 2340 475 2385 bene
499 2341 698 2397 Madviq
720 2347 763 2386 et
784 2342 1018 2387 Rossbach
1045 2343 1093 2385 et
1114 2341 1287 2386 multos
1311 2343 1383 2386 est
1405 2341 1456 2384 in
1475 2341 1661 2387 dolores
1684 2341 1911 2387 Schultess
1937 2343 1941 2399 ξ
2032 2359 2034 2402 j

250 2399 449 2442 humani
476 2399 680 2455 pectoris
705 2400 775 2444 vis
800 2401 998 2457 Madviy
1027 2400 1224 2444 humani
1252 2402 1418 2456 pectus
1441 2401 1487 2445 A
1517 2400 1714 2444 humani
1743 2401 1946 2456 pectoris

251 2457 306 2502 F
325 2456 516 2502 feminei
536 2458 740 2516 pectoris
761 2458 909 2503 virtus
929 2459 1154 2504 Schultess
1175 2459 1372 2503 humani
1393 2460 1596 2515 pectoris
1620 2459 1766 2516 pestis
1782 2461 1909 2505 Ellis
1929 2460 1947 2519 Η
2031 2482 2034 2491 ·

252 2515 314 2561 16
344 2529 457 2560 suae
479 2518 526 2562 A
554 2519 667 2562 tuae
699 2529 727 2562 ς
755 2517 772 2577 ll
802 2518 860 2562 19
892 2518 1045 2563 causis
1076 2517 1261 2563 morbos
1291 2519 1517 2575 repetitas
1541 2519 1588 2563 A
1619 2519 1771 2563 causis
1799 2520 1944 2564 omni·
2030 2538 2034 2579 '.

253 2576 342 2620 bus
379 2576 582 2631 repetita
618 2592 660 2622 v.
685 2578 728 2622 d.
757 2578 880 2623 Vliet
921 2578 1075 2622 carnis
1112 2576 1274 2622 morbo
1312 2578 1515 2635 repetita
1555 2578 1751 2636 Madviy
1792 2579 1945 2623 carnis
2033 2618 2034 2621 ,

252 2634 441 2681 morbos
473 2637 638 2680 sortita
662 2638 866 2694 Psenm'y
896 2650 954 2681 ex
977 2636 1130 2681 carnis
1153 2636 1315 2681 morbo
1339 2637 1506 2682 sortita
1531 2636 1766 2695 Kiesszinq
1792 2638 1945 2682 causis

254 2708 312 2739 ac
341 2692 504 2740 morbo
534 2697 736 2751 repetita
767 2697 895 2742 Ellis
925 2695 1078 2740 causis
1107 2695 1372 2742 morborum
1403 2709 1502 2752 rep.
1531 2695 1665 2742 Gertz
1691 2696 1697 2756 1
1723 2695 1946 2741 inbecilla

249 2754 326 2799 A¹
362 2753 561 2812 (vir-qula
590 2760 751 2810 postea
783 2769 916 2801 erasa
947 2757 1026 2810 est)
1070 2754 1088 2814 ΙΙ
1131 2755 1191 2801 20
1229 2756 1381 2801 solida
1415 2754 1485 2799 A⁶
1529 2754 1534 2813 Ι
1584 2757 1787 2812 gestasse
1820 2757 1890 2801 A⁵
1929 2755 1946 2814 Η

253 2812 315 2857 22
344 2812 433 2858 hoc
464 2814 512 2871 (i.
530 2827 565 2858 e.
590 2813 704 2869 huc,
734 2816 817 2870 cfr.
842 2814 954 2859 dial.
982 2815 1026 2859 V
1047 2818 1122 2870 21,
1144 2817 1190 2872 3)
1214 2816 1261 2860 A
1297 2814 1314 2873 ΙΙ
1350 2813 1410 2858 23
1441 2815 1624 2870 spectat
1658 2816 1777 2872 quod
1811 2815 1945 2860 Gertz

253 2872 439 2918 addidit
475 2878 584 2930 post
626 2872 678 2918 in
721 2873 919 2918 theatris
973 2874 1174 2931 (desidet
1216 2875 1444 2918 Erasmus
1487 2872 1675 2929 plaudit
1716 2875 1946 2930 Madvig),

2002 515 2023 549 ⁶

1981 887 2024 920 10

1981 1270 2022 1304 15

1980 1640 2022 1674 20
