2034 3086
587 33 671 79 DE
702 32 1125 80 PROVIDENTIA
1157 32 1285 79 CAP.
1314 38 1352 79 1.
1380 37 1406 77 2
1812 35 1849 89 3

141 159 257 214 eius
295 158 700 226 aemulatorque
738 160 794 210 et
830 174 958 210 vera
990 154 1300 227 progenies,
1339 172 1502 223 quam
1533 172 1727 225 parens
1758 154 1849 209 ille

141 233 484 306 magnificus,
532 231 798 285 virtutum
846 249 960 285 non
1008 230 1145 285 lenis
1196 231 1436 298 exactor,
1486 229 1627 283 sicut
1680 229 1851 284 severi

140 312 319 380 patres
325 348 343 376 ‚
380 306 568 360 durius
608 306 815 360 educat.
883 306 1067 375 itaque
1106 323 1229 359 cum
1268 303 1465 357 videris
1501 303 1674 358 bonos
1706 304 1850 359 viros
1885 318 1911 358 6

141 385 498 453 acceptosque
547 381 650 435 diis
699 381 969 450 laborare,
1018 380 1234 450 sudare,
1271 397 1368 450 per
1405 378 1631 432 arduum
1673 396 1853 434 escen-

90 475 112 509 ι
141 458 288 526 dere,
347 457 520 511 malos
581 459 762 510 autem
822 455 1070 509 lascivire
1132 457 1187 509 et
1243 453 1615 525 voluptatibus
1670 454 1854 524 fluere,

142 532 321 604 cogita
381 532 617 586 filiorum
679 547 781 584 nos
842 530 1109 585 modestia
1169 529 1448 599 delectari,
1507 530 1853 584 vernularum

139 607 383 677 licentia,
430 608 554 661 illos
604 605 891 676 disciplina
942 605 1171 660 tristiori
1210 604 1496 676 contineri,
1545 604 1742 658 horum
1782 604 1854 658 ali

139 681 436 737 audaciam.
503 681 647 734 idem
685 681 789 735 tibi
828 681 894 735 de
933 681 1033 735 deo
1071 681 1300 751 liqueat:
1340 680 1545 734 bonum
1580 679 1758 733 virum
1797 680 1856 733 in

139 757 346 812 deliciis
375 775 487 811 non
516 755 705 825 habet,
743 756 1045 826 experitur,
1081 755 1322 824 indurat,
1361 754 1465 808 sibi
1496 755 1653 809 illum
1684 757 1854 825 parat.

67 866 112 899 ιο
290 845 355 900 Π.
407 844 613 910 ‘Quare
666 847 842 899 multa
893 844 1051 899 bonis
1090 844 1220 898 viris
1272 843 1496 898 adversa
1534 844 1854 898 eveniunt?'
1891 859 1913 898 1

139 921 279 976 nihil
327 919 567 975 accidere
616 920 762 974 bono
813 919 931 974 viro
982 919 1112 973 mali
1157 922 1361 990 potest:
1410 937 1524 973 non
1560 918 1858 973 miscentur

140 996 422 1051 contraria.
500 995 956 1065 quemadmodum
995 997 1080 1049 tot
1119 1012 1327 1064 amnes,
1372 997 1584 1048 tantum
1624 1011 1856 1064 superne

140 1070 471 1125 deiectorum
525 1070 807 1140 imbrium,
854 1073 1008 1124 tanta
1057 1069 1448 1124 medicatorum
1487 1068 1568 1123 vis
1619 1068 1855 1122 fontium

138 1163 251 1199 non
288 1148 505 1199 mutant
541 1163 789 1215 saporem
829 1145 1019 1214 maris,
1066 1163 1135 1198 ne
1172 1144 1461 1198 remittunt
1499 1143 1743 1214 quidem,
1779 1143 1857 1197 ita

66 1238 110 1272 ιο
140 1219 484 1275 adversarum
535 1220 770 1290 impetus
818 1237 999 1272 rerum
1050 1219 1152 1272 viri
1198 1218 1355 1272 fortis
1393 1237 1506 1271 non
1544 1218 1709 1273 vertit
1747 1218 1857 1272 ani-

141 1314 319 1349 mum:
370 1298 564 1356 ⁴manet
616 1294 674 1347 in
730 1296 876 1347 statu
931 1296 986 1347 et
1040 1292 1296 1363 quicquid
1351 1292 1531 1346 evenit
1583 1293 1642 1347 in
1696 1310 1854 1347 suum

141 1371 377 1425 colorem
423 1368 615 1438 trahit3
661 1371 744 1422 est
790 1367 933 1422 enim
983 1368 1234 1422 omnibus
1282 1366 1517 1421 externis
1563 1368 1854 1437 potentior.

140 1462 241 1499 nec
270 1444 376 1498 hoc
407 1443 551 1498 dico:
588 1461 702 1497 non
733 1443 899 1497 sentit
929 1443 1047 1513 illa,
1077 1442 1171 1497 sed
1198 1443 1368 1497 vincit
1392 1445 1447 1497 et
1470 1442 1675 1512 alioqui
1709 1442 1855 1512 quie·
1888 1456 1914 1496 2

63 1579 65 1581 .
139 1522 229 1574 tus
278 1518 630 1590 placidusque
681 1521 870 1573 contra
922 1518 1254 1574 incurrentia
1302 1517 1585 1573 attollitur.
1675 1517 1858 1571 omnia

66 1610 113 1646 υ
140 1593 365 1648 adversa
402 1594 813 1649 exercitationes
845 1596 1037 1665 putat..
1096 1594 1216 1664 quis
1249 1597 1454 1662 autem,
1492 1593 1577 1647 vir
1606 1593 1770 1647 modo
1803 1596 1858 1647 et

141 1672 351 1724 erectus
401 1669 469 1723 ad
515 1669 771 1738 honesta,
808 1687 920 1723 non
959 1672 1042 1723 est
1079 1668 1280 1722 laboris
1327 1668 1586 1738 adpetens
1633 1668 1764 1722 iusti
1803 1670 1858 1722 et

140 1743 208 1798 ad
247 1743 429 1798 officia
466 1760 590 1797 cum
637 1743 878 1813 periculo
928 1742 1250 1814 promptus?
1313 1742 1401 1797 cui
1438 1760 1551 1797 non
1589 1742 1856 1797 industrio

142 1818 313 1873 otium
344 1836 522 1889 poena
551 1817 670 1873 est?
708 1818 938 1872 athletas
970 1816 1239 1887 videmus,
1269 1817 1468 1887 quibus
1498 1817 1696 1872 virium
1730 1835 1859 1872 cura
1890 1831 1917 1870 3

0 1929 1 1945 ¹
142 1897 248 1964 est,
285 1911 408 1949 cum
439 1893 750 1948 fortissimis
791 1893 1095 1964 quibusque
1135 1892 1426 1965 confligere
1457 1895 1512 1947 et
1543 1892 1757 1965 exigere
1788 1892 1855 1947 ab

0 1954 2 2021 i
67 1981 113 2016 α
141 1966 188 2021 is
238 1986 336 2038 per
388 1986 525 2038 quos
579 1968 860 2022 certamini
911 1970 1321 2038 praeparantur,
1374 1971 1438 2022 ut
1486 1967 1617 2022 totis
1669 1970 1859 2022 contra

142 2041 289 2113 ipsos
327 2042 535 2096 viribus
575 2045 820 2111 utantur3
868 2042 1017 2096 caedi
1056 2059 1113 2095 se
1151 2042 1443 2112 vexarique
1481 2041 1766 2113 patiuntur
1803 2046 1858 2097 et

144 2114 190 2171 si
235 2134 347 2171 non
391 2117 678 2172 inveniunt
726 2116 970 2189 singulos
1017 2134 1196 2187 pares,
1245 2117 1493 2187 pluribus
1541 2117 1704 2171 simul
1744 2117 1857 2171 obi-

145 2190 374 2246 ciuntur.
450 2195 655 2247 marcet
700 2193 817 2246 sine
864 2190 1167 2245 adversario
1207 2192 1403 2261 virtus3
1453 2194 1587 2246 tunc
1632 2195 1857 2262 apparet
1890 2205 1918 2244 4

146 2269 348 2336 quanta
378 2266 451 2321 sit
481 2269 852 2337 quantumque
884 2266 1109 2337 polleat,
1141 2283 1264 2319 cum
1290 2265 1421 2335 quid
1453 2266 1628 2337 possit
1649 2265 1856 2337 patien-

71 2353 115 2389 υ
143 2339 222 2394 tia
259 2341 509 2396 ostendit.
586 2340 724 2397 scias
770 2341 898 2396 licet
943 2340 1084 2395 idem
1124 2340 1253 2394 viris
1300 2340 1458 2395 bonis
1499 2358 1614 2395 esse
1659 2340 1856 2396 facien·

145 2413 298 2484 dum,
335 2419 399 2471 ut
428 2415 563 2471 dura
599 2434 663 2471 ac
693 2416 939 2471 difficilia
975 2434 1086 2470 non
1123 2414 1477 2470 reformident
1513 2433 1614 2470 nec
1645 2416 1710 2471 de
1741 2416 1855 2471 fato

297 2561 321 2607 ι
355 2563 642 2621 οωαωοιης
682 2565 728 2609 A
769 2563 787 2623 n
826 2563 858 2609 2
899 2551 1114 2624 nomenis
1145 2564 1192 2608 A
1304 2563 1372 2609 ³50
1413 2563 1468 2608 ut
1500 2563 1541 2609 A
1588 2568 1641 2608 ut
1677 2562 1858 2648 κομι]

145 2619 177 2667 8
205 2623 365 2680 patre·
381 2623 452 2669 A⁸
474 2626 533 2682 (Ἰ)
555 2625 716 2681 partes
741 2623 810 2669 A¹
839 2624 857 2682 ΙΙ
886 2622 917 2668 4
941 2622 1189 2669 escendere
1262 2624 1507 2682 onyoersius
1537 2622 1763 2668 excedere
1787 2624 1833 2669 A

146 2694 260 2728 corr.
290 2683 345 2727 in
374 2682 633 2729 exceudere
663 2682 734 2729 A¹
752 2683 779 2753 J!
816 2683 873 2729 11
907 2682 1055 2728 nichil
1079 2684 1123 2730 A
1154 2688 1209 2729 ut
1236 2686 1333 2740 tere
1361 2696 1534 2740 semper
1569 2681 1587 2741 ΙΙ
1623 2681 1685 2728 12
1715 2695 1854 2740 quem

148 2741 319 2787 ‘modu
342 2742 388 2787 A
418 2742 425 2802 Ι
465 2742 525 2789 18
556 2742 651 2789 alio
683 2757 766 2800 qui
797 2745 1058 2801 (ooniwnoeit
1087 2758 1144 2789 m.
1169 2746 1215 2799 2)
1241 2744 1286 2790 A
1317 2743 1322 2801 Ι
1362 2741 1422 2788 28
1452 2755 1578 2802 pena
1600 2743 1647 2788 A
1677 2748 1732 2788 ut
1760 2742 1856 2798 fere

147 2801 536 2918 maantam
560 2803 602 2848 is
621 2803 861 2907 gegeben-h
885 2802 965 2908 (ἓξ
989 2802 1325 2861 iisWesenberq
1367 2800 1505 2847 abhis
1529 2803 1575 2848 A
1607 2800 1668 2846 ab
1693 2802 1760 2847 eis
1787 2815 1814 2850 ς
1841 2802 1858 2861 ΙΙ

499 2876 557 2908 ex
586 2877 619 2921 p
674 2877 690 2908 1
753 2876 868 2909 corr.

1447 2951 1494 2995 1·
