2034 3086
214 53 319 109 132
550 49 599 94 L.
627 7 864 93 ANNAEI
895 47 1170 95 SENECAE
1202 47 1359 92 DIAL.
1385 47 1497 92 LIB.
1522 47 1578 92 V.

211 173 307 244 qui
338 171 486 242 ipsos
518 169 574 222 in
605 169 740 223 illud
779 169 880 223 iter
910 173 964 222 et
994 169 1361 223 inextricabile
1387 170 1563 223 lutum
1595 168 1916 238 deduxisset,

211 245 438 301 accessit
476 243 543 297 ad
575 261 689 314 505,
720 243 814 313 qui
851 262 1098 298 maxume
1134 243 1474 312 laborabant,
1511 247 1564 298 et
1602 262 1727 298 cum
1766 243 1916 314 igno-

211 320 381 374 rantis
433 317 464 371 a
511 335 617 388 quo
665 318 1041 377 adiuvarentur
1090 318 1456 388 explicuisset:
1511 317 1693 373 ‘nunc'
1739 317 1916 387 inquit

213 394 374 449 ‘male
414 392 573 446 dicite
611 390 887 464 Antigono
895 435 911 463 ‚
956 393 1108 448 cuius
1147 393 1281 446 vitio
1328 393 1386 446 in
1423 392 1519 446 has
1559 392 1799 447 miserias
1839 393 1917 445 in·

214 467 443 536 cidistis3
493 467 539 521 ei
588 471 765 522 autem
815 469 948 524 bene
997 469 1203 538 optate,
1256 467 1350 538 qui
1388 485 1485 520 vos
1524 485 1590 521 ex
1621 468 1728 523 'hac
1765 484 1917 520 vora·
1971 483 1991 517 5

215 543 339 615 gine
390 542 607 596 eduxit?
682 543 823 598 idem
876 546 990 596 tam
1036 541 1158 594 miti
1205 543 1385 596 animo
1417 541 1656 599 hostium
1695 554 1916 597 suorum

214 618 353 672 male
385 617 527 672 dicta
566 636 727 688 quam
766 618 967 675 civium
1004 616 1144 669 tulit.
1214 617 1394 687 itaque
1434 634 1558 671 cum
1598 616 1654 669 in
1692 617 1915 687 parvolo

215 692 447 763 quodam
486 694 707 748 'castello
724 690 922 761 Graeci
946 690 1314 745 obsiderentur
1344 695 1398 745 et
1428 690 1626 745 fiducia
1662 691 1770 746 loci
1793 709 1917 747 con-

211 770 508 822 temnentes
551 768 764 821 hostem
803 767 974 836 multa
1012 765 1070 818 in
1108 765 1500 820 deformitatem
1540 763 1803 835 Antigoni
1841 767 1917 820 io-

213 845 461 897 carentur
491 845 545 894 et
574 858 719 895 nunc
751 843 1010 894 staturam
1040 839 1325 909 humilem,
1353 859 1498 895 nunc
1530 839 1795 894 conlisum
1827 859 1918 894 na·
1950 858 1992 890 ιο

214 936 332 971 511111
373 916 703 969 deriderent:
735 914 982 986 ‘gaudeo'
1016 914 1194 984 inquit
1224 913 1298 968 ‘et
1335 915 1539 984 aliquid
1577 914 1708 968 boni
1747 932 1919 983 spero,

215 993 261 1045 si
300 991 358 1043 in
397 990 586 1043 castris
633 990 765 1044 meis
813 988 1055 1043 Silenum
1101 987 1308 1042 habeo.9
1384 1007 1506 1043 cum
1556 989 1657 1043 hos
1712 988 1918 1042 dicaces

213 1066 356 1118 fame
403 1064 719 1134 domuisset,
765 1065 936 1134 captis
984 1065 1062 1118 sic
1100 1082 1229 1117 usus
1269 1065 1373 1131 est,
1417 1067 1478 1116 ut
1516 1081 1607 1118 eos
1648 1062 1743 1133 qui
1780 1062 1920 1115 mili-

212 1139 320 1191 tiae
351 1138 509 1192 utiles
542 1142 692 1192 erant
715 1139 772 1192 in
803 1139 1051 1193 cohortes
1076 1138 1410 1206 discriberet,
1440 1141 1643 1192 ceteros
1667 1137 1920 1208 praeconi

217 1213 503 1282 subiceret,
551 1214 712 1283 idque
763 1232 818 1267 se
871 1213 1091 1283 negavit
1135 1213 1404 1267 facturum
1450 1212 1636 1281 fuisse,
1680 1211 1787 1266 nisi
1833 1228 1919 1264 ex·
1952 1229 1994 1262 15

215 1287 422 1356 pediret
455 1287 504 1342 is
545 1287 822 1341 dominum
865 1287 1059 1341 habere
1070 1328 1085 1355 ,
1136 1287 1229 1357 qui
1275 1290 1387 1340 tam
1427 1287 1624 1339 malam
1663 1286 1919 1340 haberent

213 1362 292 1415 lin
333 1380 469 1415 uam.

293 1380 330 1434 g
362 1435 558 1490 XXIII.
621 1435 798 1490 Huius
836 1454 1003 1507 nepos
1043 1435 1149 1489 fuit
1180 1434 1508 1503 Alexander,
1546 1435 1639 1504 qui
1677 1436 1917 1489 lanceam

214 1511 271 1564 in
324 1512 578 1566 convivas
633 1529 758 1565 suos
812 1512 1122 1580 torquebat,
1184 1510 1276 1580 qui
1331 1528 1397 1563 ex
1450 1509 1660 1563 duobus
1715 1509 1920 1577 amicis,

215 1604 350 1654 quos
389 1586 552 1656 paulo
592 1588 715 1638 ante
753 1586 964 1655 rettuli,
1002 1586 1230 1638 alterum
1261 1584 1403 1637 ferae
1442 1584 1661 1653 obiecit,
1691 1584 1919 1637 alterum
1951 1600 1995 1632 20

216 1660 332 1712 sibi.
393 1679 467 1732 ex·
488 1661 573 1713 his
613 1659 821 1713 duobus
859 1663 1041 1713 tamen
1080 1659 1173 1729 qui
1202 1659 1347 1713 leoni
1387 1659 1626 1713 obiectus
1657 1660 1739 1711 est
1770 1657 1918 1709 vixit.

214 1750 326 1786 non
363 1734 551 1787 habuit
589 1735 694 1788 hoc
740 1735 943 1787 avitum
983 1734 1075 1787 ille
1113 1734 1329 1802 vitium,
1375 1751 1442 1787 ne
1480 1736 1765 1803 paternum
1805 1730 1920 1800 qui·

216 1807 360 1875 dem3
397 1826 521 1861 nam
561 1809 607 1862 si
647 1826 754 1878 qua
786 1809 898 1869 ‚alia
936 1809 992 1861 in
1023 1807 1278 1878 Philippo
1317 1807 1511 1876 virtus,
1558 1806 1665 1860 fuit
1702 1807 1757 1858 et
1794 1822 1920 1859 con-

214 1881 556 1935 tumeliarum
588 1883 874 1952 patientia,
911 1883 1100 1954 ingens
1131 1883 1548 1936 instrumentum
1587 1879 1655 1934 ad
1693 1880 1918 1933 tutelam

215 1955 381 2027 regni.
461 1955 820 2012 Demochares
859 1957 927 2010 ad
965 1958 1120 2010 illum
1159 1956 1549 2011 Parrhesiastes
1590 1955 1658 2007 ob
1696 1954 1918 2008 nimiam
1949 1972 1993 2006 25

216 2033 270 2084 et
293 2038 573 2099 procacem
594 2032 837 2103 linguam
862 2032 1162 2101 appellatus
1186 2031 1326 2085 inter
1357 2030 1492 2084 alios
1509 2027 1919 2083 Atheniensium

215 2105 424 2176 legatos
470 2109 696 2159 venerat.
775 2105 957 2159 audita
1008 2106 1238 2177 benigne
1286 2104 1556 2175 legatione
1611 2102 1918 2173 Philippus:

217 2177 417 2232 ‘dicite’
471 2178 646 2247 inquit
699 2180 875 2249 ε1111111,
942 2179 1115 2233 facere
1178 2179 1307 2249 quid
1361 2178 1587 2247 possim,
1649 2177 1794 2248 quod
1849 2177 1918 2229 sit

217 2251 634 2307 Atheniensibus
666 2253 914 2325 gratum.'
970 2253 1180 2323 excepit
1211 2252 1570 2307 Demochares
1603 2255 1677 2306 et:
1718 2250 1808 2304 ‘te'
1842 2250 1918 2302 in-

219 2326 338 2396 quit
385 2325 754 2395 ‘suspendere'
837 2327 1136 2398 indignatio
1188 2327 1649 2380 circumstantium
1700 2324 1768 2378 ad
1806 2327 1916 2378 tam
1949 2343 1992 2375 30

367 2501 398 2547 3
429 2486 727 2558 explicuitset
755 2505 824 2550 A¹
854 2518 970 2551 corr.
999 2503 1137 2562 A⁵(?)
1189 2503 1194 2563 ι
1234 2503 1264 2549 e
1301 2506 1402 2548 tam
1432 2502 1539 2548 miti
1569 2511 1598 2546 ς
1630 2500 1803 2546 immiti
1827 2502 1873 2546 A
1902 2501 1918 2559 ιι

217 2563 247 2609 8
278 2578 335 2622 gr
365 2561 409 2607 ci
439 2574 554 2631 corr.
579 2576 635 2606 ex
665 2564 818 2622 grecie
847 2565 955 2633 foq‘t3
979 2563 1050 2610 A²
1080 2564 1099 2623 ΙΙ
1135 2563 1162 2608 1
1224 2564 1349 2634 fame
1374 2563 1443 2633 ,ΑΙ
1473 2562 1767 2630 fames-corr.
1793 2575 1915 2629 man.

218 2575 362 2728 15θῖ
382 2621 1918 2741 ffffss²⁸15²03545524021013²3⁸‘³:22¹'u3242v51233232‘5‘230321532ff5021

216 2751 333 2788 corr.
358 2744 411 2788 in
441 2740 684 2798 expediret
713 2741 786 2785 his
814 2742 951 2801 A²(?)
988 2698 1028 2802 {lq
1043 2697 1175 2788 18qet
1203 2742 1263 2787 25
1293 2742 1465 2788 Seneca
1488 2741 1682 2797 pessime
1712 2743 1836 2786 errat
1862 2739 1918 2781 -in

217 2803 412 2848 historia
448 2801 465 2861 ΙΙ
505 2799 563 2845 21
594 2801 729 2845 verba
760 2814 816 2844 ex
845 2801 918 2845 his
951 2801 1132 2847 duobus
1159 2837 1168 2846 .
1195 2837 1204 2847 .
1233 2837 1241 2845 .
1266 2800 1386 2845 vixit
1414 2813 1527 2844 num
1555 2814 1587 2845 a
1617 2800 1718 2846 Sen.
1744 2798 1917 2853 scripta

218 2862 314 2907 sint
343 2863 606 2906 etiamnunc
635 2860 793 2905 dubito
822 2860 839 2919 ΙΙ
868 2860 927 2905 24
958 2861 1207 2913 attutelam
1232 2860 1303 2906 Αι
1325 2872 1439 2905 corr.
1465 2858 1534 2904 A'
