2034 3086
210 22 316 76 142
547 19 597 63 L.
622 8 860 62 ANNAE'I
891 17 1167 64 SENECAE
1198 18 1355 63 DJAL.
1381 19 1493 63 LIB.
1519 19 1575 64 v,

208 141 338 211 quid
377 140 423 194 si
461 143 683 210 propter
721 159 938 195 usuram
975 139 1063 192 vel
1100 140 1456 194 milensimam
1494 141 1911 198 valetudinarius

207 214 508 268 faenerator
557 215 798 269 distortis
848 214 1073 285 pedibus
1120 217 1174 268 et
1211 215 1456 269 manibus
1496 216 1563 269 ad
1603 220 1912 286 computan-

208 290 335 342 dum
384 307 495 342 non
540 290 741 343 relictis
789 290 986 343 clamat
1027 306 1090 343 ac
1128 308 1224 358 per
1261 289 1567 343 vadimonia
1606 310 1747 344 asses
1787 310 1911 345 suos

206 365 263 416 in
310 364 443 433 ipsis
489 364 664 418 morbi
706 363 1100 417 accessionibus
1138 363 1410 417 vindicat?
1487 365 1534 417 si
1570 368 1741 419 totam
1779 366 1912 419 mihi

208 457 274 492 ex
324 439 571 493 omnibus
622 438 875 507 metalli5‚
926 456 1063 522 quae
1113 456 1236 492 cum
1281 438 1512 491 maxime
1550 439 1911 510 deprimimus,

206 514 490 583 pecuniam
543 513 806 583 proferas,
862 513 907 566 si
960 513 1018 566 in
1072 513 1306 566 medium
1363 514 1595 583 proicias
1651 515 1911 585 quidquid

206 589 484 643 thensauri
531 590 744 659 tegunt,
791 587 1015 641 avaritia
1060 588 1255 642 iterum
1294 588 1391 641 sub
1431 591 1598 642 terras
1638 590 1913 659 referente,

208 682 344 733 quae
372 664 511 717 male
534 666 823 733 egesserat·
848 681 1060 716 omnem
1085 663 1243 717 istam
1267 664 1571 734 congeriem
1594 682 1706 717 non
1728 668 1913 734 putem

207 739 426 822 dignam
481 755 616 806 (11133
677 737 909 795 frontem
971 738 1075 790 viri
1135 737 1265 791 boni
1329 739 1635 793 contrahat.
1711 743 1911 809 quanto

206 813 318 866 risu
371 812 744 882 prosequenda
794 815 919 865 sunt
970 831 1106 882 quae
1155 812 1310 865 nobis
1356 813 1605 867 lacrimas
1657 813 1914 874 educunt!

356 899 606 955 XXXIV.
685 900 826 955 Cedo
887 920 1054 971 nunc,
1116 919 1432 971 persequere
1494 906 1688 971 cetera,
1751 903 1914 967 cibos,

207 976 454 1046 potiones
493 976 793 1045 horumque
833 993 994 1029 causa
1031 979 1243 1046 paratas
1283 976 1341 1028 in
1379 977 1724 1031 ambitionem
1763 995 1915 1030 mun-

209 1051 389 1119 ditias,
442 1051 606 1104 verba
663 1051 1072 1120 contumeliosa,
1135 1053 1313 1103 motus
1375 1069 1663 1135 corporum
1724 1070 1914 1121 parum

207 1125 558 1195 honorificOS‚
598 1126 935 1179 contumacia
973 1126 1211 1178 iumenta
1249 1128 1303 1178 et
1339 1125 1496 1195 pigra
1533 1126 1822 1211 mancipia,
1862 1130 1915 1178 et

209 1199 540 1268 suspiciones
588 1203 640 1253 et
686 1200 1152 1284 interpretationes
1200 1200 1462 1284 malignas
1509 1202 1657 1254 vocis
1697 1201 1915 1269 alienae,

209 1275 403 1343 quibus
458 1274 712 1343 efficitur,
766 1276 829 1326 ut
882 1275 1020 1327 inter
1073 1274 1295 1327 iniurias
1341 1277 1563 1328 naturae
1607 1278 1915 1328 numeretur

209 1367 382 1402 sermo
436 1347 646 1403 homini
699 1348 876 1403 datus:
939 1348 1092 1403 crede
1141 1349 1297 1418 mihi,
1346 1349 1487 1402 levia
1533 1353 1658 1403 sunt
1696 1354 1916 1435 propter

210 1442 346 1493 quae
383 1442 496 1477 non
532 1424 722 1477 leviter
760 1423 1216 1492 excandescimus‚
1255 1424 1435 1493 qualia
1466 1442 1602 1493 quae
1633 1444 1828 1494 pueros
1860 1426 1916 1478 in

209 1499 382 1552 rixam
437 1502 491 1551 et
543 1498 779 1568 iurgium
834 1499 1119 1552 concitant.
1195 1497 1335 1551 nihil
1384 1517 1449 1551 ex
1499 1499 1567 1568 is,
1619 1518 1754 1569 quae
1804 1502 1914 1552 tam

209 1573 389 1627 tristes
440 1573 670 1645 agimuS‚
723 1573 919 1626 serium
971 1575 1071 1642 est,
1121 1572 1260 1627 nihil
1309 1591 1587 1644 magnum:
1642 1574 1786 1642 inde,
1837 1575 1914 1626 in-

211 1666 394 1716 quam,
447 1648 601 1702 vobis
652 1647 732 1699 ira
782 1650 835 1701 et
884 1647 1092 1701 insania
1142 1650 1243 1717 est,
1295 1647 1438 1717 quod
1486 1648 1679 1719 exigua
1718 1666 1913 1719 magno

211 1724 534 1775 aestumatis.
613 1722 820 1775 auferre
869 1723 959 1776 hic
1008 1722 1142 1774 mihi
1186 1721 1535 1776 hereditatem
1581 1723 1776 1791 voluit3
1825 1722 1915 1775 hic

211 1814 295 1849 me
349 1795 442 1848 diu
495 1797 552 1849 in
607 1815 756 1866 spem
812 1815 1114 1866 supremam
1169 1797 1396 1867 captatis
1446 1797 1757 1850 criminatus
1813 1799 1914 1865 est3

209 1871 300 1924 hic
339 1873 576 1924 scortum
615 1889 792 1925 meum
832 1871 1162 1940 concupivit:
1214 1871 1358 1941 quod
1396 1871 1671 1925 vinculum
1718 1872 1914 1925 amoris

213 1963 325 1999 esse
364 1945 612 2013 debebat,
649 1946 925 1999 seditionis
958 1949 1116 2014 atque
1150 1946 1239 1999 odi
1270 1964 1429 2000 causa
1460 1949 1561 2014 est,
1591 1945 1732 1998 idem
1763 1947 1912 2000 velle.

361 2091 421 2137 25
452 2092 623 2138 alludit
652 2093 716 2137 ad
746 2092 943 2138 Sallusti
970 2092 1108 2138 verba
1140 2092 1274 2138 Catil.
1299 2096 1379 2148 20,
1396 2095 1451 2147 4;
1480 2092 1564 2147 cfr.
1590 2105 1656 2149 ep.
1682 2096 1758 2149 20,
1774 2096 1804 2138 5

361 2182 390 2228 1
428 2181 503 2227 vel
552 2181 687 2227 Gertz
732 2184 891 2227 autem
938 2184 1040 2239 (aut
1085 2195 1188 2226 cum
1231 2183 1417 2240 viryula
1462 2195 1604 2238 snpra
1647 2183 1684 2239 t)
1724 2183 1792 2238 A,
1837 2182 1915 2227 sed

211 2243 441 2299 viryulam
482 2242 715 2287 addidisse
756 2243 847 2287 vid.
883 2257 1005 2287 man.
1041 2255 1195 2287 recens
1237 2240 1242 2299 Ι
1302 2241 1332 2285 2
1371 2241 1738 2298 computandum
1777 2243 1821 2287 L
1862 2246 1916 2285 ut

213 2303 475 2347 Pincianus
519 2302 636 2347 coni.
685 2302 1053 2357 comparandum
1092 2301 1137 2346 A
1182 2300 1199 2360 Ἰ
1314 2301 1590 2345 uadimonia
1629 2302 1674 2346 L
1716 2306 1759 2346 et
1797 2301 1910 2358 υοῑ9.

211 2359 419 2404 uadim
423 2362 582 2405 omm’a
620 2361 751 2407 A1·²
795 2360 812 2419 ΙΙ
853 2360 894 2478 >8
941 2361 1178 2418 egesserat
1223 2359 1268 2403 L
1312 2366 1366 2406 ut
1409 2362 1523 2418 υοῖ9.
1567 2362 1777 2418 gesserat
1811 2361 1856 2404 A
1896 2359 1914 2418 Η

213 2420 270 2464 11
305 2420 419 2465 03ᾱο
451 2421 498 2466 Α
530 2423 574 2478 (ο
607 2435 663 2466 ex
685 2422 706 2468 i
738 2421 871 2478 corr.)
911 2420 928 2480 Η
970 2421 1028 2465 12
1065 2421 1259 2478 paratas
1298 2419 1349 2463 in
1381 2421 1580 2478 Madviy
1616 2422 1831 2478 paratam
1865 2420 1913 2463 A

213 2481 406 2537 paratas
439 2479 688 2526 ambitiose
722 2481 861 2526 scribi
889 2481 1061 2526 mavolt
1091 2481 1228 2526 Gertz
1256 2478 1272 2537 ΙΙ
1309 2478 1370 2524 13
1401 2479 1545 2525 verba
1577 2436 1913 2524 ctihtumeliosa

216 2540 420 2609 Madviq‘
443 2545 485 2585 et
517 2541 784 2599 Wesenberg
819 2539 968 2585 uerba
1006 2538 1312 2585 contumelias
1343 2540 1390 2584 A
1434 2539 1451 2599 ΙΙ
1495 2539 1554 2584 14
1591 2540 1727 2585 verba
1758 2540 1805 2582 et
1837 2553 1911 2582 su-

216 2599 447 2657 spiciones
502 2600 570 2655 et,
633 2615 749 2658 qnae
793 2602 846 2645 in
883 2601 930 2645 A
976 2600 1072 2645 loco
1112 2613 1283 2657 parum
1328 2604 1437 2655 apto
1474 2605 1583 2656 post
1633 2597 1912 2643 honorificos

216 2660 448 2718 leqvmtur,
479 2659 568 2704 huc
597 2662 884 2730 transposuit
909 2659 1044 2706 Gertz
1074 2659 1090 2720 ΙΙ
1120 2659 1179 2705 18
1202 2657 1456 2718 qualiaque
1480 2661 1526 2704 A
1555 2658 1806 2715 qualiaque
1831 2659 1913 2703 Ls'

214 2719 320 2774 fort.
345 2725 461 2766 recte
490 2718 507 2779 ΙΙ
543 2718 603 2764 19
635 2721 733 2765 exis
756 2719 826 2766 A¹
856 2734 968 2765 corr.
1001 2721 1054 2765 in
1084 2734 1141 2765 ex
1170 2719 1244 2764 his
1274 2718 1380 2774 fort.
1406 2717 1477 2763 A¹
1505 2719 1520 2778 ΙΙ
1557 2718 1617 2763 20
1645 2717 1781 2762 triste
1811 2719 1912 2763 AL

216 2792 329 2823 corr.
362 2781 475 2838 voly.
519 2778 536 2838 ΙΙ
575 2778 633 2823 21
672 2779 804 2825 vobis
836 2790 864 2824 ς
901 2778 1037 2823 nobis
1068 2780 1115 2825 A
1155 2778 1172 2839 ΙΙ
1211 2777 1271 2823 23
1309 2777 1410 2822 diui
1442 2792 1572 2835 spem
1602 2776 1672 2822 A¹
1703 2791 1816 2823 corr
1843 2777 1912 2822 A¹

216 2843 299 2885 aut
329 2838 399 2883 A2
433 2840 439 2899 Ι
474 2838 678 2895 captatis
710 2840 909 2897 Madviy
940 2840 1150 2896 (captato
1181 2838 1437 2894 Rubenius)
1470 2838 1688 2895 captatus
1711 2838 1811 2882 AL

1947 832 1990 865 10

1947 1219 1988 1252 15

1947 1591 1991 1623 20

1946 1963 1989 1996 25
