2034 3086
236 57 339 109 128
572 53 621 98 L.
647 52 884 97 ANNAEI
915 52 1190 98 SENECAE
1221 53 1379 99 DIAL.
1404 54 1514 101 LIB.
1540 53 1595 101 V.

232 174 517 229 exercens?
594 173 639 229 is
682 174 838 228 illum
885 178 1007 229 ante
1044 176 1263 230 bustum
1305 175 1491 239 Quinti
1531 175 1708 231 Catuli
1755 197 1932 249 carpe·

230 251 324 303 bat
354 250 704 322 gravissimus
737 250 1010 303 mitissimi
1041 250 1144 303 viri
1176 251 1466 320 cineribus,
1498 271 1660 321 supra
1691 271 1825 322 quos
1849 255 1933 307 vir

231 325 361 378 mali
399 325 654 395 exempli,
705 325 982 394 popularis
1031 328 1212 378 tamen
1262 328 1316 378 et
1363 344 1475 379 non
1523 329 1634 379 tam
1681 328 1929 382 inmerito

232 418 392 468 quam
445 400 608 454 nimis
659 402 866 453 amatus
921 418 1016 469 per
1066 400 1341 454 stillicidia
1395 401 1709 471 sanguinem
1756 403 1928 457 dabat.

230 475 424 546 dignus
465 478 579 528 erat
615 473 816 527 Marius
857 476 950 543 qui
987 475 1083 528 illa
1119 477 1414 546 pateretur,
1465 473 1625 528 SuHa
1656 476 1749 544 qui
1787 478 1929 531 iube-

229 553 335 616 ret,
372 548 604 603 Catilina
643 549 735 618 qui
765 549 989 618 faceret,
1027 549 1119 603 sed
1158 549 1381 621 indigna
1417 568 1501 603 res
1540 550 1757 620 publica
1795 571 1929 621 quae

229 624 286 677 in
325 642 520 694 corpus
553 642 710 677 suum
741 624 941 694 pariter
971 627 1026 677 et
1055 625 1294 678 hostium
1333 627 1387 678 et
1416 625 1690 679 vindicum
1721 626 1929 697 gladios

228 698 536 768 reciperet·
580 698 709 768 quid
756 699 978 768 antiqua
1023 699 1366 768 perscrutor?
1440 699 1601 754 modo
1651 699 1704 753 G.
1740 698 1931 754 Caesar

230 771 348 826 Sex.
389 772 702 843 Papinium‚
748 775 835 827 cui
885 776 1037 843 pater
1084 776 1198 826 erat
1235 775 1554 844 consularis),
1603 774 1929 828 Betilienum

227 847 457 901 Bassum
486 851 822 917 quaestorem
847 866 1019 916 suum,
1043 849 1406 917 procuratoris
1440 850 1523 902 sui
1546 849 1734 919 filium,
1774 850 1930 904 alios-

229 941 331 992 que
371 926 425 977 et
463 926 733 977 senatores
780 926 834 976 et
872 923 1077 991 equites
1117 921 1390 977 Romanos
1429 942 1537 976 uno
1577 923 1662 978 die
1701 925 1929 996 flagellis

228 998 442 1068 cecidit,
479 998 662 1067 torsit,
698 1016 810 1051 non
841 997 1170 1067 quaestionis
1203 997 1295 1051 sed
1326 998 1493 1051 animi
1525 1016 1708 1068 causa;
1739 1000 1928 1053 deinde

227 1073 358 1127 adeo
398 1074 666 1143 inpatiens
699 1073 804 1125 fuit
835 1072 1155 1126 differendae
1187 1073 1482 1143 voluptatis
1498 1114 1514 1142 ‚
1553 1091 1715 1143 quam
1747 1074 1929 1145 ingen-

226 1152 335 1200 tem
375 1147 662 1202 crudelitas
717 1148 830 1201 eius
871 1148 984 1201 sine
1024 1147 1280 1201 dilatione
1319 1148 1598 1218 poscebat,
1643 1151 1705 1201 ut
1743 1149 1800 1201 in
1836 1167 1929 1218 xy-

227 1227 310 1276 sto
336 1226 700 1276 maternorum
731 1222 1056 1290 hortorum,
1077 1223 1171 1292 qui
1193 1224 1462 1293 porticum
1493 1242 1525 1276 a
1555 1224 1674 1293 ripa
1705 1227 1931 1293 separat,

226 1298 564 1352 inambulans
605 1298 866 1367 quosdam
898 1316 965 1351 ex
1002 1297 1111 1350 illis
1151 1314 1273 1351 cum
1313 1299 1572 1351 matronis
1610 1301 1770 1367 atque
1810 1299 1928 1352 aliis

227 1373 561 1426 senatoribus
623 1372 691 1425 ad
754 1373 1029 1426 lucernam
1088 1371 1389 1426 decollaret.
1480 1373 1609 1441 quid
1659 1373 1929 1426 instabat?

227 1447 371 1516 quod
417 1447 716 1517 periculum
764 1450 858 1500 aut
903 1447 1174 1516 privatum
1221 1450 1314 1500 aut
1351 1447 1629 1516 publicum
1675 1466 1784 1500 una
1820 1466 1930 1500 nox

225 1521 566 1575 minabatur?
642 1522 969 1592 quantulum
1009 1521 1116 1575 fuit
1152 1522 1328 1575 lucem
1367 1524 1646 1591 expectare
1686 1522 1927 1592 denique,

224 1615 291 1650 ne
332 1600 602 1650 senatores
641 1597 831 1667 populi
870 1595 1102 1650 Romani
1142 1597 1374 1650 soleatus
1416 1597 1705 1651 occideret!

374 1670 516 1725 XIX.
581 1670 753 1735 Quam
787 1672 1016 1741 superba
1038 1671 1201 1725 fuerit
1239 1671 1525 1725 crudelitas
1565 1673 1678 1725 eius
1718 1672 1785 1725 ad
1816 1690 1927 1726 rem

224 1747 458 1815 pertinet
496 1747 654 1816 scire,
699 1764 1026 1816 quamquam
1066 1746 1307 1800 aberrare
1347 1747 1507 1800 alicui
1545 1747 1814 1816 possimus
1853 1747 1930 1799 vi-

225 1821 337 1874 deri
376 1825 431 1875 et
468 1822 526 1875 in
565 1822 779 1875 devium
819 1823 986 1891 exire3
1024 1821 1116 1875 sed
1154 1821 1260 1875 hoc
1299 1822 1477 1891 ipsum
1515 1839 1638 1891 pars
1679 1822 1780 1875 erit
1819 1822 1928 1874 irae

226 1915 386 1966 super
435 1897 596 1950 solita
647 1897 944 1950 saevientis.
1035 1896 1299 1950 ceciderat
1350 1895 1578 1967 flagellis
1634 1899 1928 1950 senatores:

225 1971 338 2055 ipse
377 1971 574 2040 effecit,
612 1974 675 2024 ut
705 1971 811 2025 dici
841 1974 1025 2040 posset
1055 1970 1214 2025 ‘solet
1251 1970 1402 2040 fieri'3
1431 1974 1661 2025 torserat
1691 1990 1786 2040 per
1817 1989 1928 2024 om·

224 2045 335 2113 nia,
387 2064 522 2116 quae
571 2047 628 2099 in
673 2064 851 2099 rerum
890 2048 1083 2099 natura
1120 2046 1429 2099 tristissima
1479 2049 1632 2115 sunt,
1679 2045 1928 2115 fidiculis,

374 2178 401 2223 1
426 2192 659 2224 exercens.
685 2177 843 2223 sillum
866 2178 913 2223 A
945 2176 981 2237 (1
1003 2178 1110 2224 add.
1136 2177 1206 2223 A¹
1229 2183 1311 2223 aut
1333 2176 1419 2235 A’)
1442 2177 1459 2237 Η
1488 2177 1548 2222 13
1571 2177 1811 2235 ingentem
1827 2177 1927 2222 AL

224 2238 391 2296 ingens
422 2239 684 2284 Pincianus
713 2252 769 2284 ex
799 2248 829 2283 ς’
865 2237 1051 2295 inquies
1093 2237 1263 2284 Gruter
1299 2237 1493 2284 incensa
1579 2243 1672 2283 ertz
1711 2237 1926 2296 ingenita

224 2298 491 2356 Petschenig
531 2299 775 2354 tamquam
817 2298 1059 2356 ingentem
1096 2298 1198 2343 Joh.
1233 2298 1410 2343 Mu'ller
1453 2297 1470 2357 ΙΙ
1515 2297 1542 2342 1
1612 2296 1922 2342 inambulans.

224 2357 454 2414 quosdam
485 2357 639 2403 exillis
671 2357 1006 2403 cummatronis
1038 2357 1192 2414 adque
1224 2359 1354 2415 (corr.
1380 2356 1467 2414 A¹>
1500 2356 1607 2402 aliis
1631 2356 1924 2402 senatoribus

224 2418 297 2472 A;
326 2411 569 2463 verborum
587 2417 799 2463 ordinem
821 2419 875 2462 in
897 2418 993 2463 cod.
1019 2418 1243 2463 traditum
1265 2417 1473 2473 defendit
1500 2418 1546 2462 J.
1570 2417 1740 2463 Vahlen
1763 2417 1924 2462 Herm.

226 2452 383 2522 XXX
402 2491 453 2534 p
478 2480 556 2532 37,·
596 2478 730 2523 verba
778 2477 1008 2534 quosdam
1051 2491 1109 2522 ex
1149 2476 1244 2521 illis
1286 2483 1394 2523 ante
1433 2475 1732 2521 inambulans
1774 2481 1923 2522 trans-

217 2538 378 2594 posuit
414 2538 630 2594 Lipsius,
665 2542 774 2594 post
815 2536 1110 2582 senatoribus
1150 2537 1309 2592 Koch;
1349 2538 1512 2582 melius
1553 2542 1668 2582 certe
1708 2536 1926 2582 collocari

224 2602 332 2642 ante
360 2611 400 2642 v.
440 2597 492 2641 in
528 2599 666 2654 xysto
704 2598 801 2654 ipse
836 2603 988 2643 monet
1019 2597 1192 2643 Vahlen
1226 2597 1254 2641 1.
1282 2598 1311 2642 Ζ
1358 2596 1375 2656 ΙΙ
1419 2596 1478 2641 19
1515 2610 1670 2642 vereor
1698 2610 1755 2641 ne
1784 2597 1925 2642 nimis

224 2662 356 2701 acute
386 2659 667 2702 correxerint
695 2658 973 2714 expectare?
1020 2655 1300 2714 quantulum
1323 2655 1416 2701 fuit
1440 2656 1799 2702 calciamentum
1822 2670 1924 2699 mu-

223 2718 326 2761 tare
351 2716 494 2774 deniq
493 2730 553 2761 ue
573 2716 710 2762 Gertz
734 2722 776 2762 et
799 2719 1061 2775 expectare,
1077 2716 1358 2786 quantulum
1375 2716 1576 2774 denique
1591 2716 1694 2762 Joh.
1710 2716 1886 2762 Muller
1888 2715 1924 2784 Η

223 2775 283 2820 22
307 2775 452 2821 alicui
474 2777 661 2822 Fickert
683 2777 832 2833 aliqui
855 2778 901 2822 A
926 2776 990 2821 ali
993 2777 1106 2834 quoi
1129 2776 1267 2822 Gertz
1290 2775 1472 2833 obliqui
1494 2776 1719 2822 Schultess
1743 2776 1748 2834 Ι
1774 2775 1922 2832 possi-

224 2849 327 2880 mus
362 2836 409 2881 A
449 2849 696 2893 possumus
737 2837 868 2895 2:019„
909 2791 1025 2882 3εά(1
1029 2837 1112 2892 cfr.
1150 2836 1261 2882 dial.
1296 2791 1422 2881 VIIq
1419 2839 1494 2892 26,
1519 2840 1547 2882 7
1582 2836 1678 2881 ben.
1707 2835 1804 2881 V11
1831 2837 1874 2890 5,
1893 2837 1923 2878 3

224 2897 368 2953 (epist.
396 2899 497 2952 121,
519 2899 596 2953 24)

1964 869 2006 901 1⁰

1963 1240 2004 1273 15

1958 1982 2034 2046 252

2030 2228 2034 2249 ι

2028 2256 2034 2283 1

2030 2301 2034 2347 ¹.
