2034 3086
667 47 750 92 DE
780 45 889 92 mA
919 45 1032 93 Lm.
1056 45 1091 91 1.
1147 44 1275 93 cAP.
1303 51 1359 92 12
1796 49 1868 103 59

311 169 429 224 XII.
471 169 631 235 Quid
670 168 857 241 ergo?
897 169 1076 240 inquit
1114 167 1216 222 ‘vir
1252 169 1427 223 bonus
1465 187 1577 223 non
1608 168 1929 238 irascitur,1

162 246 209 300 si
258 246 408 300 caedi
457 248 665 316 patrem
712 263 869 299 suum
906 244 1123 313 viderit,
1163 244 1210 298 si
1247 244 1367 314 rapi
1405 243 1687 298 matrem?'
1761 263 1873 298 non

162 322 442 389 irascetur,
505 319 598 374 sed
650 319 968 389 vindicabit,
1031 286 1124 373 sed
1176 319 1429 373 tuebitur.
1508 319 1639 390 quid
1693 322 1873 373 autem

160 397 341 465 times,
382 414 450 449 ne
499 413 692 465 parum
741 413 969 467 magnus
1019 394 1103 448 illi
1149 394 1399 448 stimulus
1438 394 1602 448 etiam
1641 394 1756 448 sine
1794 395 1873 447 ira

111 489 132 524 ι
162 471 335 542 pietas
390 469 497 524 sit?
572 473 667 523 aut
719 470 807 524 dic
852 469 1040 528 eodem
1086 469 1271 523 modo:
1311 468 1462 539 ‘quid
1508 469 1674 540 ergo?
1751 487 1874 524 cum

160 546 342 600 videat
394 544 562 599 secari
615 548 824 615 patrem
878 563 1036 599 suum
1090 544 1353 614 filiumve,
1399 544 1485 596 vir
1536 545 1710 598 bonus
1764 563 1875 598 non

62 679 74 690 ‚
161 620 315 674 flebit
362 638 462 675 nec
513 620 790 690 linquetur
842 620 1022 674 animo
1030 618 1079 674 ‘?’
1171 637 1308 690 quae
1362 618 1600 673 accidere
1660 619 1875 673 feminis

161 694 426 764 videmus,
466 696 715 766 quotiens
754 695 876 748 illas
913 695 1049 748 levis
1088 695 1317 765 periculi
1354 694 1591 764 suspicio
1630 695 1875 764 perculit.

162 769 345 825 officia
383 789 480 825 sua
509 770 595 823 vir
623 769 798 823 bonus
830 772 1152 839 exsequetur
1181 769 1520 839 inconfusae,
1553 769 1876 839 intrepidus3

90 865 134 898 ιο
162 848 217 899 et
265 846 344 900 sic
388 846 532 900 bono
571 844 688 898 viro
736 844 902 916 digna
938 844 1122 913 faciet,
1171 847 1235 898 ut
1269 844 1411 898 nihil
1447 844 1612 899 faciat
1649 846 1767 899 viro
1799 845 1877 898 in-

162 920 402 992 dignum.
478 922 633 1005 pater
684 919 957 974 caedetur:
1011 919 1316 990 defendam3
1377 937 1563 974 caesus
1625 923 1728 974 est.
1790 938 1877 973 ex-

164 1014 378 1080 sequar,
418 995 547 1065 quia
585 997 822 1066 oportet,
860 1014 972 1050 non
1011 996 1140 1066 quia
1177 995 1337 1049 dolet.
1394 994 1718 1049 ‘irascuntur
1747 995 1878 1049 boni

120 1099 124 1103 ,
162 1071 267 1123 viri
305 1088 404 1141 pro
444 1089 666 1124 suorum
704 1070 952 1125 iniuriis?
1005 1089 1128 1125 cum
1166 1071 1272 1124 hoc
1303 1069 1461 1140 dicis,
1493 1069 1877 1141 Theophraste,

164 1146 376 1216 quaeris
415 1146 676 1199 invidiam
714 1107 1015 1231 praeceptis
1047 1145 1364 1200 fortioribus
1396 1149 1451 1199 et
1480 1146 1670 1200 relicto
1702 1145 1878 1199 iudice

90 1239 134 1274 ιε
163 1220 231 1275 ad
262 1239 518 1276 coronam
541 1221 715 1275 venis.
746 1220 874 1291 quia
895 1220 1266 1290 unusquisque
1289 1221 1348 1274 ιιι
1371 1221 1635 1275 eiusmodi
1659 1239 1879 1275 suorum

163 1314 292 1351 casu
322 1296 603 1365 irascitur,
624 1298 783 1365 putas
815 1294 1146 1349 iudicaturos
1175 1295 1422 1349 homines
1453 1295 1507 1349 id
1533 1296 1651 1349 fieri
1689 1295 1879 1350 debere

164 1371 311 1441 quod
349 1371 582 1440 faciunt3
620 1370 731 1424 fere
770 1371 913 1424 enim
953 1370 1156 1424 iustum
1194 1370 1423 1440 quisque
1462 1371 1714 1425 affectum
1745 1371 1882 1424 iudi·

165 1448 254 1499 cat
308 1463 468 1516 quem
529 1445 825 1518 adgnoscit.
904 1446 997 1500 sed
1036 1445 1178 1499 idem
1216 1444 1445 1515 faciunt,
1493 1445 1539 1499 si
1578 1445 1732 1499 calda
1769 1463 1881 1499 non

165 1519 301 1574 bene
334 1520 643 1592 praebetur,
683 1521 729 1575 si
759 1522 991 1575 vitreum
1029 1521 1261 1575 fractum
1293 1522 1395 1590 est,
1436 1520 1482 1574 si
1513 1521 1724 1574 calceus
1761 1520 1879 1574 luto

90 1614 136 1648 ιο
166 1614 383 1666 sparsus
415 1599 509 1650 est
564 1614 677 1650 non
699 1596 872 1667 pietas
905 1597 1094 1650 illam
1080 1614 1216 1650 iram
1256 1595 1349 1650 sed
1374 1562 1660 1650 infirmitas
1684 1598 1881 1664 movet,

166 1671 307 1725 sicut
344 1672 551 1742 pueris,
591 1672 686 1757 qui
723 1674 837 1725 tam
876 1672 1188 1742 parentibus
1228 1670 1440 1726 amissis
1473 1670 1681 1725 flebunt
1718 1689 1882 1742 quam

164 1746 407 1801 nucibus.
463 1747 622 1801 irasci
645 1764 745 1817 pro
780 1747 891 1801 suis
922 1764 1035 1800 non
1080 1749 1162 1801 est
1199 1747 1279 1817 pii
1318 1747 1485 1800 animi
1532 1746 1626 1801 sed
1656 1746 1883 1816 infirmi3

166 1821 303 1876 illud
357 1821 647 1893 pulchrum
709 1821 1063 1893 dignumque,
1125 1840 1224 1892 pro
1287 1822 1622 1892 parentibus,
1681 1822 1882 1889 liberis,

166 1896 377 1967 amicis,
415 1896 624 1951 civibus
663 1897 880 1967 prodire
912 1895 1292 1951 defensorem
1278 1915 1398 1967 ipso
1432 1897 1615 1952 officio
1640 1896 1882 1964 ducente,

91 1986 137 2023 ss
165 1971 458 2042 volentem,
508 1971 859 2041 iudicantem,
909 1971 1302 2042 providentem,
1352 1989 1464 2025 ιιοιι
1513 1972 1790 2042 inpulsum
1829 1975 1884 2025 et

165 2045 426 2101 rabidum.
503 2047 687 2101 nullus
725 2047 869 2101 enim
908 2046 1130 2101 affectus
1168 2046 1478 2101 vindicandi
1518 2047 1765 2118 cupidior
1802 2050 1884 2100 est

168 2138 331 2191 quam
386 2121 468 2175 ira
519 2125 575 2176 et
631 2122 699 2175 ob
749 2122 804 2175 id
851 2122 1028 2192 ipsum
1076 2121 1145 2176 ad
1182 2121 1565 2175 vindicandum
1605 2122 1883 2175 inhabilis:

168 2196 485 2267 praerapida
523 2200 578 2251 et
608 2214 813 2254 amens.
853 2199 915 2250 ut
946 2197 1121 2251 omnis
1153 2196 1264 2251 fere
1295 2196 1586 2267 cupiditas,
1626 2197 1745 2267 ipsa
1780 2196 1883 2250 sibi

96 2395 101 2401 ¹
319 2343 345 2388 1
379 2343 600 2389 irascitur
624 2344 670 2390 A
701 2343 934 2390 irascetur
964 2344 1010 2390 L
1040 2349 1084 2390 et
1115 2345 1302 2400 Mum-et,-
1330 2343 1453 2389 illud
1482 2358 1506 2390 e
1536 2343 1733 2391 Senecae
1762 2356 1884 2390 more

169 2403 414 2450 tenendum
444 2418 538 2450 esse
566 2404 783 2450 viderwnt
814 2403 1093 2450 Waldaestel
1122 2409 1166 2451 et
1197 2404 1519 2450 Hammelrath
1562 2403 1568 2465 Ι
1604 2403 1635 2450 9.
1701 2403 1884 2473 alstrem

170 2463 239 2510 A¹
270 2464 481 2522 (scrfflere
514 2469 722 2522 coeperat
758 2465 963 2533 partem)
1015 2463 1021 2524 Ι
1061 2463 1092 2509 6
1121 2464 1289 2509 uideat
1310 2464 1357 2509 A
1388 2462 1543 2509 uideri
1595 2418 1697 2526 ef
1723 2462 1884 2509 necari

170 2525 286 2570 coni.
315 2523 509 2570 Wolters
531 2529 575 2570 et
596 2538 675 2583 eqo
696 2524 713 2584 ΙΙ
734 2478 791 2569 {Dp
788 2537 992 2582 exseque
1091 2524 1137 2570 A
1160 2525 1267 2571 item
1291 2522 1348 2569 11
1373 2526 1516 2582 exseq
1516 2537 1605 2569 uar
1595 2474 1643 2585 ςΙΙ
1665 2523 1724 2570 12
1747 2524 1884 2570 verba

171 2582 439 2629 irascuntur
461 2583 574 2629 boni
596 2584 690 2629 uiri
712 2598 798 2642 pro
823 2597 1014 2630 suorum
1043 2584 1231 2629 iniuriis
1257 2585 1311 2630 in
1334 2585 1435 2630 AL
1464 2584 1599 2641 infra
1627 2598 1668 2631 v.
1697 2587 1755 2629 18
1777 2589 1886 2642 post

172 2643 423 2702 adgnoscit
454 2645 695 2703 loquantum·
723 2645 813 2690 huc
843 2645 1128 2702 transposwit
1161 2643 1298 2690 Gertz
1327 2644 1345 2705 ΙΙ
1376 2643 1435 2690 18
1467 2644 1699 2690 dicisthso
1724 2645 1885 2701 praste

173 2703 437 2749 A¹1itteras
456 2709 574 2750 recte
597 2704 758 2750 divisit
780 2709 821 2750 et
844 2718 975 2763 aspu-
975 2705 1148 2750 ationis
1169 2705 1213 2750 si
1274 2719 1354 2751 um
1382 2710 1410 2760 ι-
1435 2719 1471 2751 8.
1489 2720 1529 2750 v.
1551 2704 1659 2750 add.
1675 2718 1799 2749 man
1816 2707 1848 2749 2
1869 2704 1886 2764 ΙΙ

174 2762 232 2808 18
263 2763 515 2822 adgnoscit
537 2765 583 2810 A
615 2764 666 2823 (d
691 2769 1113 2822 poeteaezpuncta
1159 2718 1274 2824 ΙΙῶι
1296 2764 1560 2810 infirmatas
1591 2777 1704 2809 οων.
1730 2765 1782 2809 in
1814 2764 1885 2808 in-

174 2763 391 2869 firmitas
395 2823 465 2870 A¹
512 2765 633 2884 125(
658 2824 892 2870 volentem
922 2824 1036 2883 volq.
1070 2763 1262 2871 uols'nte
1284 2826 1332 2872 A
1369 2825 1375 2885 Ι
1427 2824 1486 2871 27
1520 2829 1628 2883 post
1657 2823 1884 2869 inhabilis

178 2880 314 2928 Geren
345 2885 418 2928 est
549 2884 605 2943 ,ΙΙ
633 2883 694 2931 28
724 2879 1037 2943 praei-apicius
1061 2884 1162 2930 AL
1191 2897 1306 2932 oon.
1393 2890 1497 2932 toret
