2028 3106
210 106 322 161 294
554 102 605 146 L.
629 102 866 147 ANNAEI
897 102 1172 148 SENECAE
1204 104 1360 150 DIAL.
1386 106 1497 152 LIB.
1521 106 1577 154 X.

212 243 442 295 quorum
482 223 778 293 inrequieta
817 244 1029 295 semper
1067 225 1291 296 agitatio
1329 246 1605 298 nunquam
1638 230 1695 282 in
1726 231 1912 285 eodem

210 296 456 369 vestigio*
494 302 685 352 manet.
764 301 939 354 solum
991 300 1161 371 igitur
1211 301 1277 353 ad
1325 307 1615 372 occupatos
1662 322 1911 374 praesens

211 373 444 443 pertinet
493 376 727 444 tempuS,
784 375 927 443 quod
976 378 1089 428 tam
1139 375 1298 428 breve
1348 381 1450 446 est,
1500 382 1561 432 ut
1600 379 1766 448 arripi
1804 398 1914 433 non

211 447 405 518 possit,
445 450 498 501 et
536 448 591 501 id
630 450 807 518 ipsum
846 450 955 502 illis
995 449 1255 503 districtis
1294 450 1352 502 in
1382 453 1553 506 multa
1584 454 1912 507 subducitur.

361 520 452 575 XI.
514 521 761 593 Denique
822 525 903 577 vis
966 525 1101 578 scire
1165 541 1326 592 quam
1386 544 1496 579 non
1550 528 1641 581 diu
1695 528 1915 582 vivant?
1970 547 1989 579 5

211 596 331 650 vide
387 615 547 667 quam
601 599 822 668 cupiant
876 598 968 652 diu
1017 599 1211 653 vivere.
1291 598 1543 669 decrepiti
1591 621 1740 657 senes
1787 621 1914 673 pau-

212 689 395 726 corum
435 691 697 726 annorum
736 674 1096 727 accessionem
1135 673 1277 727 votis
1317 674 1644 729 mendicantz
1682 679 1914 732 minores

209 749 341 801 natu
387 764 443 803 se
482 747 629 817 ipsos
669 766 783 801 esse
822 748 1059 820 fingunt3
1105 748 1386 802 mendacio
1426 748 1531 801 sibi
1568 750 1917 806 blandiuntur

211 825 263 874 et
299 825 411 875 tam
448 822 680 876 libenter
719 841 776 876 se
814 822 1010 876 fallunt
1050 842 1211 893 quam
1251 823 1297 877 si
1336 841 1445 876 una
1483 823 1595 876 fata
1633 824 1914 895 decipiant.

209 896 316 950 iam
362 915 489 951 vero
530 915 654 951 cum
694 897 818 950 illos
858 898 1040 968 aliqua
1078 898 1402 952 inbecillitas
1443 899 1788 954 mortalitatis
1828 902 1914 954 ad·
1948 920 1990 952 ιο

209 972 442 1040 monuit,
483 971 935 1041 quemadmodum
974 977 1229 1043 paventes
1269 973 1598 1042 moriuntur,
1635 991 1747 1026 non
1783 978 1915 1028 tam-

210 1065 370 1115 quam
404 1049 596 1099 exeant
627 1046 691 1099 de
723 1047 850 1116 vita,
880 1047 973 1101 sed
995 1051 1272 1116 tamquam
1297 1048 1660 1101 extrahantur.
1723 1049 1916 1103 stultos

209 1137 266 1173 se
304 1120 495 1189 fuisse,
534 1120 627 1189 qui
665 1139 775 1174 non
806 1122 1064 1190 vixerint,
1103 1122 1382 1174 clamitant
1414 1125 1489 1191 et,
1528 1123 1574 1176 si
1606 1122 1767 1176 modo
1801 1141 1917 1176 eva-

209 1193 376 1247 serint
422 1213 487 1248 ex
533 1195 628 1247 illa
666 1196 986 1265 valitudine,
1030 1196 1089 1248 in
1129 1195 1240 1248 otio
1280 1196 1542 1265 victuros3
1587 1199 1719 1250 tunc
1758 1215 1917 1266 quam

208 1268 408 1321 frustra
460 1271 789 1340 paraverint,
851 1271 1046 1340 quibus
1100 1288 1212 1322 non
1265 1269 1591 1341 fruerentur,
1646 1289 1806 1341 quam
1861 1273 1918 1325 in
1950 1290 1991 1324 15

209 1361 418 1398 cassum
452 1345 625 1398 omnis
658 1346 910 1400 ceciderit
939 1344 1118 1413 labor,
1157 1345 1413 1415 cogitant.
1490 1349 1545 1399 at
1577 1347 1774 1417 quibus
1805 1347 1918 1400 vita

207 1419 397 1488 procul
447 1419 512 1473 ab
566 1420 713 1473 omni
762 1419 985 1490 negotio
1033 1418 1234 1489 agitur,
1285 1420 1473 1490 quidni
1521 1422 1759 1492 spatiosa
1805 1422 1917 1476 sit‘?

206 1493 345 1547 nihil
384 1512 450 1547 ex
488 1494 584 1547 illa
624 1494 925 1565 delegatur,
964 1492 1103 1545 nihil
1141 1494 1247 1548 alio
1288 1499 1450 1566 atque
1489 1497 1596 1551 alio
1629 1497 1916 1569 spargitur,

205 1568 345 1622 nihil
390 1567 515 1622 inde
561 1568 810 1622 fortunae
856 1567 1108 1636 traditur,
1152 1570 1290 1622 nihil
1334 1571 1677 1643 neglegentia
1715 1573 1921 1643 interit,

205 1643 346 1696 nihil
373 1643 664 1713 largitione
697 1642 1018 1711 detrahitur,
1048 1643 1187 1696 nihil
1218 1662 1609 1715 supervacuum
1642 1650 1745 1700 est:
1783 1650 1914 1716 tota,
1947 1666 1991 1698 20

206 1719 270 1769 ut
322 1717 399 1769 ita
453 1717 652 1786 dicam,
705 1717 762 1769 in
808 1714 983 1769 reditu
1031 1721 1123 1771 est.
1203 1721 1694 1790 quantulacumque
1733 1721 1914 1790 itaque

208 1789 420 1843 abunde
453 1791 671 1859 sufficit,
702 1794 756 1844 et
786 1790 924 1860 ideo,
955 1793 1276 1864 quandoque
1307 1795 1531 1848 ultimus
1558 1794 1670 1848 dies
1695 1796 1914 1864 venerit,

207 1881 318 1919 non
369 1864 711 1918 cunctabitur
762 1866 972 1935 sapiens
1021 1868 1097 1921 ire
1145 1869 1212 1922 ad
1260 1872 1488 1922 mortem
1535 1871 1681 1922 certo
1730 1870 1912 1940 gradu.

364 1936 485 1991 XII.
547 1937 768 2002 Quaeris
830 1941 1076 2012 fortasse,
1140 1961 1275 2012 quos
1338 1946 1627 2012 occupatos
1689 1944 1916 1998 vocem?

206 2030 319 2067 non
366 2015 447 2066 est
494 2013 638 2082 quod
685 2033 769 2068 me
816 2017 959 2070 solos
999 2021 1156 2087 putes
1198 2018 1397 2085 dicere,
1444 2034 1578 2086 quos
1618 2037 1649 2071 a
1687 2019 1915 2074 basilica
1945 2037 1988 2070 25

206 2087 417 2142 inmissi
465 2087 677 2142 demum
724 2107 879 2144 canes
928 2092 1150 2161 eiciunt,
1199 2109 1334 2161 quos
1382 2094 1474 2144 aut
1519 2092 1576 2145 in
1624 2111 1719 2147 sua
1764 2094 1913 2148 vides

206 2163 364 2216 turba
403 2163 698 2232 speciosius
739 2165 863 2218 elidi
904 2169 997 2219 aut
1035 2167 1093 2219 in
1132 2166 1308 2218 aliena
1346 2168 1730 2237 contemptius,
1777 2186 1914 2238 quos

209 2236 390 2290 officia
420 2238 668 2291 domibus
702 2240 810 2293 suis
844 2244 1086 2308 evocant,
1116 2242 1178 2292 ut
1210 2239 1398 2292 alienis
1429 2239 1634 2295 foribus
1667 2243 1915 2311 inlidant,

207 2314 299 2364 aut
343 2311 498 2364 hasta
540 2315 800 2382 praetoris
841 2314 1030 2368 infami
1069 2315 1221 2367 lucro
1262 2316 1315 2366 et
1356 2316 1674 2386 quandoque
1715 2336 1913 2387 suppu-

206 2387 390 2438 raturo
438 2391 657 2441 exercet.
738 2389 1072 2458 quorundam
1122 2388 1291 2440 otium
1340 2394 1659 2460 occupatum
1707 2395 1810 2444 est:
1857 2392 1912 2443 in
1945 2409 1987 2442 30

206 2459 339 2514 villa
385 2462 477 2513 aut
522 2461 579 2517 in
623 2462 763 2516 lecto
812 2481 908 2517 suo
919 2505 932 2533 ,
984 2464 1042 2516 in
1088 2462 1263 2515 media
1309 2464 1620 2535 solitudine,
1669 2466 1914 2534 quamvis

356 2626 386 2677 8
418 2646 467 2677 se
498 2646 533 2677 s.
558 2646 597 2677 v.
624 2632 728 2678 add.
753 2634 824 2680 A²
845 2635 861 2694 Η
890 2631 920 2679 9
945 2633 993 2678 et
1015 2634 1113 2678 tam
1139 2633 1249 2692 voly.
1278 2635 1372 2679 etia
1395 2635 1442 2680 A
1472 2634 1489 2694 Η
1519 2632 1578 2678 13
1606 2630 1689 2688 qui
1714 2632 1911 2690 Madviy

205 2694 260 2738 ut
284 2693 330 2738 A
360 2692 377 2752 ΙΙ
407 2691 465 2737 15
496 2692 707 2736 incasum
731 2695 800 2738 A¹
831 2695 1025 2739 alteram
1056 2707 1077 2736 s
1108 2707 1141 2737 s.
1167 2708 1206 2738 v.
1232 2695 1337 2740 add.
1362 2700 1415 2739 ut
1436 2693 1528 2740 vid.
1553 2690 1624 2738 A’
1653 2691 1669 2750 Ιῑ
1698 2690 1758 2735 25
1788 2691 1909 2736 solos

205 2753 319 2811 volq.
353 2752 480 2796 solus
505 2752 550 2796 A
583 2765 660 2796 eos
693 2752 814 2798 solos
845 2754 978 2799 malit
1006 2752 1141 2797 Gertz
1174 2754 1179 2808 ξ
1214 2753 1442 2798 abasilica
1464 2754 1511 2798 A
1543 2751 1684 2809 (quod
1706 2752 1912 2806 defendit

208 2814 261 2857 P.
302 2814 500 2858 Thomas
539 2812 637 2856 coll.
674 2814 800 2869 epist.
840 2816 943 2867 122,
969 2817 1046 2856 16.-
1089 2825 1117 2855 a
1156 2811 1323 2859 balneo
1364 2813 1530 2869 exisse)
1571 2824 1596 2855 e
1636 2810 1687 2854 b-
1728 2811 1866 2857 Gertz
1896 2811 1913 2869 11

207 2871 266 2915 28
299 2871 480 2927 domib3
506 2871 551 2916 A
583 2871 661 2916 sed
691 2885 803 2917 corr.
828 2873 934 2927 fort.
960 2886 1017 2916 m.
1045 2876 1071 2916 1
1096 2886 1150 2917 ex
1181 2873 1361 2928 homib3
1400 2875 1404 2931 1
1441 2873 1642 2917 euocant
1666 2871 1735 2916 A⁵
1758 2885 1807 2916 se
1829 2883 1911 2914 uo-

210 2933 320 2974 cant
351 2937 403 2976 ut
433 2932 523 2976 vid.
550 2930 619 2975 A¹
651 2931 666 2989 Η
697 2930 756 2975 29
788 2933 872 2974 aut
903 2931 1009 2975 add.
1038 2933 1234 2991 Madviy
1266 2947 1381 2989 quos
1415 2942 1444 2976 ς
