2028 3106
149 880 171 918 ‘1

208 80 315 133 226
524 76 574 119 L.
598 75 833 119 ANNAEI
866 73 1138 118 SENECAE
1170 75 1327 120 DIAL.
1351 75 1463 119 LIB.
1488 75 1586 119 VII.

208 198 299 251 sed
362 198 500 249 malo
562 196 804 250 faciliora
865 214 927 248 ac
980 194 1295 249 iucundiora
1346 195 1563 249 veniant
1617 199 1671 249 et
1722 197 1899 250 minus

209 275 473 325 vexatura
516 273 845 325 tractantem.
933 288 1044 322 non
1093 272 1173 322 est
1223 270 1387 339 enim,
1437 270 1581 339 quod
1631 270 1901 324 existimes

208 346 374 398 ullam
413 363 525 398 esse
565 345 677 398 sine
715 345 896 397 labore
934 344 1210 411 virtutem,
1250 344 1340 396 sed
1379 345 1639 413 quaedam
1676 345 1901 397 virtutes

208 419 461 488 stimuliS,
501 419 762 488 quaedam
799 417 963 470 frenis
995 420 1166 488 egent.
1230 419 1676 485 quemadmodum
1708 437 1902 488 corpus

206 494 263 546 in
308 495 538 563 proclivi
574 493 791 546 retineri
830 492 1003 560 debet,
1051 493 1303 545 adversus
1353 492 1517 545 ardua
1554 493 1784 563 impelli,
1826 493 1904 546 ita
1956 510 1975 542 5

208 568 466 638 quaedam
518 568 743 621 virtutes
796 567 854 619 in
906 567 1133 636 proclivi
1187 568 1334 634 sunt,
1392 568 1651 635 quaedam
1706 569 1902 622 clivom

207 643 450 696 subeunt.
527 662 596 695 an
642 641 862 694 dubium
903 641 993 710 sit,
1048 641 1179 711 quin
1218 640 1488 709 escendat,
1535 643 1760 713 nitatur,
1812 643 1902 696 ob-

204 719 439 771 luctetur
475 717 756 786 patientia,
795 716 1079 783 fortitudO,
1116 715 1509 785 perseverantia
1540 720 1593 768 et
1623 735 1903 786 quaecum-

208 810 310 860 que
350 791 455 844 alia
494 792 638 844 duris
680 791 930 860 opposita
966 791 1137 843 virtus
1170 793 1251 844 est
1281 793 1334 844 et
1363 790 1636 843 fortunam
1667 791 1904 863 subigit?

207 867 335 950 quid
385 865 549 937 ergo?
631 884 742 918 non
787 883 951 933 aeque
1000 864 1341 918 manifestum
1381 867 1462 917 est
1506 883 1600 933 per
1646 865 1904 919 devexum
1938 883 1979 914 10

205 940 280 992 ire
302 940 702 1023 liberalitatem,
731 939 1164 1009 temperantiam,
1194 937 1690 992 mansuetudinem?
1743 939 1798 991 in
1820 939 1904 992 his

206 1015 540 1067 continemus
573 1013 834 1081 animum,
871 1033 938 1067 ne
969 1013 1301 1084 prolabatur,
1334 1014 1390 1066 in
1421 1012 1529 1066 illis
1561 1011 1905 1066 exhortamur

206 1089 595 1156 incitamusque
645 1088 909 1141 acerrime.
1000 1105 1126 1158 ergo
1186 1088 1489 1156 paupertati
1536 1086 1905 1140 adhibebimus

207 1162 351 1229 illas,
392 1179 527 1230 quae
565 1181 803 1233 pugnare
843 1164 1040 1230 sciunt,
1079 1161 1351 1229 fortiores,
1391 1162 1591 1214 divitiis
1631 1162 1750 1214 illas
1793 1161 1906 1213 dili-

208 1236 497 1306 gentiores,
546 1254 679 1304 quae
727 1254 1045 1306 suspensum
1093 1235 1318 1306 gradum
1357 1240 1566 1304 ponunt
1606 1239 1658 1289 et
1696 1235 1906 1305 pondus
1942 1252 1979 1281 15

207 1328 364 1380 suum
410 1310 686 1363 sustinent.
765 1329 887 1364 cum
931 1311 1036 1364 1106
1081 1310 1158 1363 ita
1204 1309 1435 1362 divisum
1482 1311 1573 1379 sit,
1622 1311 1762 1364 malo
1809 1310 1905 1362 has

207 1384 262 1436 in
311 1403 413 1436 usu
464 1383 597 1436 mihi
647 1402 783 1453 esse,
834 1404 969 1454 quae
1016 1383 1338 1438 exercendae
1383 1385 1726 1454 tranquillius
1766 1387 1908 1452 sunt,

207 1477 368 1528 quam
408 1476 515 1527 eas,
558 1475 782 1526 quarum
822 1459 1243 1528 experimentum
1284 1458 1501 1528 sanguis
1534 1463 1587 1512 et
1619 1460 1781 1513 sudor
1812 1462 1903 1512 est.

208 1552 334 1604 ergo
373 1552 485 1587 non
523 1551 622 1603 ego
664 1533 843 1585 aliter’
874 1534 1050 1602 inquit
1082 1533 1292 1603 sapiens
1326 1532 1474 1585 ‘vivo
1508 1551 1667 1602 quam
1698 1535 1908 1604 loquor,

209 1609 299 1661 sed
338 1626 434 1661 vos
475 1608 629 1660 aliter
668 1607 887 1675 auditis3
927 1626 1088 1660 sonus
1121 1606 1493 1660 tantummodo
1525 1609 1809 1661 verborum
1840 1608 1905 1661 ad
1940 1623 1982 1654 20

209 1700 360 1735 aures
407 1686 608 1735 vestras
656 1682 919 1751 pervenit:
968 1682 1094 1750 quid
1135 1681 1437 1752 significent
1473 1700 1582 1735 non
1622 1682 1908 1751 quaeritis?

356 1770 552 1824 XXVI.
616 1770 782 1834 ‘Quid
821 1787 946 1840 ergo
987 1771 1125 1823 inter
1164 1788 1246 1822 me
1278 1769 1501 1822 stultum
1535 1773 1587 1823 et
1618 1774 1670 1824 te
1703 1772 1905 1841 sapien·

213 1847 315 1897 tem
363 1845 603 1913 interest,
656 1846 700 1898 si
747 1848 971 1913 uterque
1010 1845 1206 1897 habere
1244 1844 1491 1897 volumus
1502 1844 1548 1895 ‘?'
1593 1846 1906 1914 plurimum:

41 1914 50 1934 ἶ
209 1918 424 1971 divitiae
475 1920 615 1972 enim
662 1923 793 1989 aput
832 1919 1126 1988 sapientem
1164 1919 1339 1970 virum
1378 1918 1435 1970 in
1474 1921 1728 1973 servitute
1769 1924 1906 1988 sunt,

210 1996 339 2062 aput
371 1993 595 2045 stultum
627 1995 683 2046 in
714 1994 962 2063 imperi03
994 1993 1205 2061 sapiens
1238 1992 1438 2045 divitiis
1469 1993 1608 2045 nihil
1630 1995 1906 2063 permittit,
1940 2009 1982 2041 2⁵

209 2067 360 2120 vobis
393 2067 609 2119 divitiae
643 2070 843 2137 omnia3
882 2085 1000 2136 VOS,
1032 2070 1304 2135 tamquam
1336 2067 1528 2136 aliquis
1560 2067 1713 2120 vobis
1746 2072 1908 2122 aeter-

210 2161 333 2194 nam
384 2141 775 2212 possessionem
826 2161 1009 2196 earum
1055 2141 1384 2211 promiserit,
1441 2140 1753 2196 adsuescitis
1800 2143 1908 2195 illis

211 2219 264 2268 et
302 2215 617 2283 cohaeretis,
658 2217 866 2284 sapiens
904 2220 1035 2270 tunc
1074 2216 1302 2269 maxime
1340 2218 1709 2285 paupertatem
1748 2216 1908 2268 medi-

210 2293 379 2358 tatur,
425 2309 546 2344 cum
586 2291 643 2342 in
681 2289 866 2343 mediis
907 2291 1107 2345 divitiis
1148 2290 1403 2344 constitit.
1480 2308 1775 2360 numquam
1815 2290 1909 2342 im-

216 2368 424 2432 perator
477 2366 553 2418 ita
607 2366 727 2434 paci
783 2365 971 2432 credit,
1032 2370 1091 2419 ut
1145 2384 1255 2418 non
1310 2383 1364 2417 se
1418 2367 1698 2440 praeparet
1752 2364 1909 2430 bello,
1942 2381 1985 2412 30

360 2524 389 2568 5
430 2523 500 2568 ita
534 2526 579 2570 A
623 2527 679 2583 (it
718 2526 768 2570 in
806 2539 898 2569 ras.
930 2540 988 2569 m
1023 2530 1076 2581 5,·
1112 2541 1169 2571 ne
1209 2540 1237 2570 a
1276 2526 1457 2583 quidem
1496 2541 1553 2570 m.
1589 2532 1614 2570 1
1658 2526 1899 2581 scripsit)
1896 2526 1911 2583 η

216 2585 237 2629 7
271 2584 334 2628 sit
364 2585 411 2628 A
450 2585 520 2628 est
553 2586 819 2642 Wesenber9
864 2585 868 2635 1
914 2584 1027 2641 quin
1056 2587 1169 2644 volq.
1211 2587 1293 2643 qui
1324 2585 1411 2644 A}
1455 2586 1678 2630 escendat
1710 2583 1779 2629 A¹
1811 2597 1910 2628 asc-

214 2644 282 2689 115
311 2644 327 2703 ΙΙ
365 2643 426 2688 13
460 2644 683 2689 acerrime
716 2638 874 2690 Haase
913 2645 1164 2689 acerrimus
1190 2645 1263 2691 A¹
1295 2645 1533 2690 acerrimis
1563 2646 1633 2690 A⁶
1668 2645 1672 2703 Ι
1708 2657 1909 2701 pauper-

211 2704 326 2748 tatis
362 2705 408 2748 A
450 2703 466 2762 Η
512 2703 568 2747 17
614 2704 897 2749 exercendae
933 2714 961 2747 ς
998 2704 1069 2747 -di
1104 2707 1149 2750 A
1191 2706 1207 2764 Η
1251 2705 1307 2750 21
1346 2705 1460 2760 quid
1498 2707 1610 2763 voly.
1653 2703 1778 2761 quod
1815 2706 1859 2748 A
1901 2706 1905 2763 ξ

214 2763 446 2820 significet
479 2763 527 2808 A
564 2777 676 2807 corr.
717 2765 852 2809 Gertz
893 2763 909 2822 Η
950 2763 1010 2807 22
1047 2766 1095 2807 et
1131 2766 1264 2809 tuum
1303 2764 1563 2821 sapientem
1600 2769 1727 2821 optat
1761 2749 1909 2819 Gertz,

215 2828 407 2924 etdeerte
444 2836 561 2879 quae
597 2830 847 2879 sequuntur
877 2837 971 2868 ‘non
1000 2824 1222 2879 sapientis
1251 2826 1403 2879 illius,
1434 2825 1512 2869 sed
1541 2826 1689 2881 ipsius
1719 2822 1910 2868 Senecae

218 2883 261 2924 vi
294 2887 426 2927 entur
457 2896 548 2927 esse

1689 3027 1699 3067 '5
1886 3035 1895 3048 a*

1600 3058 1602 3060 .
1686 3067 1689 3075 ‚
1773 3060 1781 3069 ,¹
1833 3076 1836 3077 V
1874 3049 1889 3079 f

1596 3095 1602 3106 4
1664 3076 1688 3106 ³¹}
1704 3102 1710 3106 2
1736 3091 1738 3094 '
1768 3081 1776 3102 3
1802 3087 1810 3102 s
1831 3082 1837 3101 i
1856 3087 1858 3090 ¹
1870 3084 1875 3091 ’
1903 3085 1905 3090 ’
