2034 3086
238 55 343 110 152
444 14 456 17 λ
562 54 612 98 L.
637 40 874 98 ANNAEI
905 52 1178 98 SENECAE
1210 53 1368 99 DIAL.
1394 53 1504 99 LIB.
1529 53 1607 100 VI.

234 175 470 246 quidem,
521 193 632 228 non
680 178 859 228 tamen
907 174 1066 227 hilari
1111 175 1288 228 fronte
1333 174 1536 244 texisti,
1575 179 1628 229 et
1666 177 1796 230 haec
1834 176 1926 230 illo

174 266 199 305 3
234 251 445 304 saeculo
455 291 468 318 ,
509 268 616 319 quo
657 268 851 320 magna
888 249 1058 319 pietas
1098 252 1211 302 erat
1247 250 1386 302 nihil
1422 249 1586 319 impie
1625 251 1819 321 facere3
1868 255 1928 305 ut

232 343 357 378 vero
398 325 635 394 aliquam
674 324 1005 377 occasionem
1044 324 1270 377 mutatio
1310 327 1612 394 temporum
1648 326 1815 395 dedit,
1852 326 1928 379 in-

232 399 451 470 genium
497 399 664 469 patris
714 398 815 467 tui,
866 398 930 451 de
978 415 1083 467 quo
1125 401 1400 468 sumptum
1437 401 1551 452 erat
1589 400 1928 469 supplicium,

232 474 289 526 in
327 491 486 527 usum
524 472 802 526 hominum
841 472 1100 526 reduxisti
1138 476 1192 525 et
1230 492 1262 526 a
1298 491 1424 526 vera
1462 474 1616 527 illum
1645 474 1928 529 vindicasti
1982 493 2002 526 5

232 551 405 602 morte
443 566 505 602 ac
543 547 825 602 restituisti
863 548 919 602 in
954 547 1170 616 publica
1200 551 1544 600 monumenta
1572 548 1760 618 libros,
1794 567 1928 618 quos

231 622 314 675 vir
367 623 458 675 ille
511 622 835 675 fortissimus
891 622 1148 692 sanguine
1203 640 1299 675 suo
1354 622 1650 691 scripserat.
1728 623 1929 692 optime

232 697 472 750 meruisti
518 696 583 749 de
628 694 887 750 Romanis
935 696 1147 750 studiis·
1201 714 1396 767 magna
1431 695 1650 751 illorum
1687 716 1810 766 pars
1850 717 1929 750 ar-

233 774 393 841 serat3
445 771 647 840 optime
698 771 762 824 de
807 771 1062 840 posteriS,
1112 770 1179 824 ad
1226 789 1361 840 quos
1400 771 1576 844 geniet
1621 772 1930 842 incorrupta

231 865 407 899 rerum
459 845 592 899 fides
647 847 853 900 auctori
900 864 995 899 suo
1042 863 1239 916 magno
1278 846 1563 916 imputata3
1618 847 1818 916 optime
1864 846 1929 900 de
1962 865 2003 898 10

230 922 372 990 ipsc,
427 921 578 975 cuius
632 921 780 991 viget
827 920 1136 991 vigebitque
1189 921 1467 990 memoria,
1522 939 1681 990 quam
1732 921 1824 974 diu
1873 921 1930 973 in

129 1002 140 1012 ‘
230 996 403 1065 pretio
458 995 619 1048 fuerit
671 994 915 1048 Romana
968 995 1244 1066 cognosci,
1295 1012 1454 1063 quam
1505 995 1597 1048 diu
1646 994 1928 1066 quisquam

231 1071 353 1139 erit,
395 1071 486 1140 qui
521 1071 715 1123 reverti
746 1070 877 1123 velit
907 1070 974 1122 ad
1006 1073 1125 1123 acta
1155 1069 1440 1139 maiorum,
1473 1088 1633 1139 quam
1665 1071 1758 1123 diu
1789 1070 1929 1140 quis-

232 1163 392 1214 quam
432 1145 525 1214 qui
563 1145 694 1197 velit
733 1145 889 1214 scire,
929 1144 1059 1214 quid
1098 1145 1168 1198 sit
1205 1145 1288 1197 vir
1318 1143 1614 1214 RomanUS,
1648 1145 1778 1214 quid
1810 1145 1930 1199 sub-

230 1221 362 1273 actis
401 1219 508 1272 iam
547 1220 840 1273 cervicibus
880 1219 1120 1272 omnium
1159 1221 1214 1272 et
1250 1218 1318 1272 ad
1356 1216 1698 1273 Seianianum
1743 1220 1930 1291 iugum
1961 1236 2002 1269 15

230 1294 431 1348 adactis
463 1294 778 1363 indomitus,
812 1294 942 1363 quid
974 1293 1044 1347 sit
1072 1294 1236 1346 homo
1268 1294 1484 1364 ingenio
1493 1335 1507 1362 ,
1539 1294 1718 1347 animo
1726 1334 1741 1363 ,
1767 1313 1928 1347 manu

170 1383 198 1422 4
228 1368 378 1422 liber.
467 1387 721 1439 magnum
767 1387 851 1422 me
897 1368 1138 1422 hercules
1179 1368 1554 1421 detrimentum
1592 1386 1676 1421 res
1715 1369 1930 1438 publica

231 1446 456 1513 ceperat,
490 1443 536 1496 si
566 1443 720 1496 illum
753 1442 821 1496 ob
851 1443 981 1495 duas
1006 1462 1089 1496 res
1114 1443 1500 1512 pulcherrimas
1525 1444 1582 1495 in
1606 1443 1928 1496 oblivionem

230 1518 552 1587 coniectum,
607 1518 967 1587 eloquentiam
1021 1520 1075 1571 et
1125 1517 1449 1587 libertatem,
1510 1535 1621 1570 non
1681 1517 1928 1571 eruisses:

228 1593 448 1663 legitur,
488 1592 666 1662 floret,
705 1594 764 1646 in
796 1593 984 1646 manu's
1016 1593 1320 1661 hominum,
1350 1592 1407 1644 in
1435 1595 1655 1661 pectora
1684 1595 1927 1662 receptus
1960 1607 2003 1640 2⁰

229 1670 548 1721 vetustatem
601 1667 806 1720 nullam
859 1668 1036 1737 timet3
1090 1670 1145 1720 at
1197 1667 1415 1720 illorum
1468 1667 1778 1720 carnificum
1820 1666 1926 1720 cito

231 1742 430 1795 scelera
491 1760 728 1812 quoque,
790 1742 983 1811 quibus
1046 1741 1175 1795 solis
1236 1741 1547 1795 memoriam
1608 1744 1928 1809 meruerunt,

170 1831 197 1870 5
229 1817 557 1870 tacebuntur.
634 1817 766 1870 haec
814 1816 1128 1888 magnitudo
1179 1816 1344 1869 animi
1394 1815 1474 1868 tui
1523 1816 1694 1868 vetuit
1738 1833 1822 1868 me
1862 1815 1929 1868 ad

230 1910 415 1944 sexum
469 1894 622 1944 tuum
673 1891 958 1962 respicere,
1011 1890 1183 1944 vetuit
1236 1890 1303 1943 ad
1354 1891 1585 1959 voltum,
1638 1908 1796 1959 quem
1847 1893 1930 1943 tot

229 1984 491 2019 annorum
546 1966 800 2019 continua
852 1965 1092 2034 tristitia,
1147 1967 1209 2018 ut
1258 1965 1420 2019 semel
1470 1964 1715 2033 obduxit,
1770 1967 1925 2018 tenet.
1960 1980 2002 2013 25

230 2043 283 2093 et
334 2040 477 2109 vide,
532 2059 692 2110 quam
740 2058 852 2094 non
902 2040 1185 2110 subrepam
1235 2039 1335 2092 tibi
1378 2057 1477 2092 nec
1514 2039 1718 2092 furtum
1756 2039 1928 2092 facere

231 2115 505 2168 affectibus
559 2115 667 2169 tuis
722 2116 976 2186 cogitem:
1040 2115 1260 2183 antiqua
1312 2114 1455 2167 mala
1507 2114 1564 2166 in
1616 2114 1928 2167 memoriam

230 2189 415 2243 reduxi
465 2193 539 2258 et,
589 2193 649 2242 ut
697 2191 856 2244 scires
902 2190 1041 2244 hanc
1084 2207 1297 2258 quoque
1337 2189 1552 2259 plagam
1591 2207 1703 2241 esse
1743 2206 1928 2242 sanan-

232 2264 375 2333 dam,
429 2264 638 2318 ostendi
690 2265 790 2318 tibi
847 2283 1013 2334 aeque
1074 2264 1255 2334 magni
1316 2263 1551 2316 vulneris
1612 2263 1925 2316 cicatricem.

381 2453 408 2498 1
445 2453 683 2514 frontesl(
686 2468 799 2500 eras.
833 2458 896 2512 m)
930 2455 970 2500 A
1022 2454 1028 2514 1
1073 2454 1160 2513 hec
1195 2453 1301 2498 AF
1338 2452 1427 2497 hoc
1464 2453 1579 2510 voly.
1620 2452 1638 2512 Η
1676 2452 1707 2497 3
1745 2455 1928 2497 mutato

230 2514 442 2570 tempore
481 2514 595 2569 AF,
641 2515 762 2570 quod
800 2515 871 2559 ita
881 2458 1018 2570 )fort.
1057 2514 1242 2569 defendi
1277 2517 1446 2570 potest,
1486 2517 1540 2558 ut
1579 2513 1827 2560 subiectum
1869 2513 1930 2557 sit

231 2572 472 2617 saeculum
504 2574 790 2631 (Schultess);
823 2575 970 2632 magis
994 2574 1149 2630 placet
1170 2573 1289 2630 quod
1310 2572 1437 2630 volyo
1459 2572 1696 2618 scribitur:
1725 2572 1926 2616 mutatio

231 2634 495 2689 temporum
535 2634 775 2690 (temporis
807 2635 851 2690 ς)
893 2633 910 2693 Η
950 2632 981 2677 6
1019 2646 1075 2677 ac
1113 2634 1166 2677 in
1201 2633 1293 2688 fine
1328 2645 1482 2676 versus
1518 2631 1624 2675 add.
1649 2631 1720 2677 A⁶
1748 2632 1928 2676 duabus

233 2693 396 2738 litteris
426 2694 592 2748 erasis,
621 2706 736 2750 quae
765 2694 902 2738 initio
932 2706 1019 2749 seq.
1051 2706 1204 2737 versus
1234 2705 1337 2737 cum
1374 2690 1622 2735 restituisti
1660 2693 1927 2736 coniunctae

232 2751 443 2807 fuerunt,
472 2753 565 2796 sive
596 2765 651 2796 ac
681 2754 773 2798 sive
804 2751 843 2796 80
871 2753 957 2797 hae
986 2753 1177 2807 fuerunt
1216 2752 1220 2810 Ι
1249 2750 1309 2795 20
1338 2748 1472 2795 floret
1502 2750 1553 2794 F
1580 2756 1622 2796 et
1650 2751 1764 2808 vozy
1797 2749 1922 2806 florej

234 2811 279 2855 A
309 2810 326 2870 ΙΙ
354 2810 413 2855 23
443 2810 726 2856 tacebuntur
756 2822 784 2856 ς
817 2810 1044 2856 tacebunt
1066 2813 1127 2866 A,
1158 2825 1183 2856 e
1205 2826 1241 2856 r.
1268 2811 1394 2866 epist
1417 2813 1490 2865 21,
1508 2813 1537 2854 4
1565 2809 1583 2868 ΙΙ
1613 2808 1671 2854 28
1701 2812 1755 2854 ut
1786 2810 1926 2854 scires

234 2870 457 2916 Schultess
486 2871 561 2915 uis
593 2871 711 2916 scire
736 2873 780 2916 A
811 2871 827 2930 ΙΙ
857 2870 915 2915 29
946 2883 1065 2930 eque
1089 2872 1134 2915 A
