2034 3086
581 34 665 80 DE
695 34 803 80 IRA
833 34 947 81 Lm.
968 33 1025 80 11.
1080 34 1210 81 οΑΡ.
1237 38 1305 80 11.
1333 40 1389 80 12
1767 37 1840 92 83

134 157 348 229 sapiens
386 157 587 224 timeri,
623 175 725 212 nee
762 156 883 211 ideo
923 156 1057 210 iram
1090 173 1348 228 magnum
1381 156 1636 226 quiddam
1668 159 1841 228 putet,

137 232 263 303 quia
314 231 589 287 formidini
642 236 748 301 est,
801 230 1056 300 quoniam
1104 229 1322 302 quidem
1362 231 1524 286 etiam
1564 235 1839 303 contemp·

133 306 343 362 tissima
394 307 655 363 timentur
706 309 771 360 ut
822 324 1028 360 venena
1079 305 1119 376 †
1172 308 1228 360 et
1285 323 1407 359 ossa
1467 307 1724 377 pestifera
1785 310 1840 362 et

134 400 359 437 morsus.
417 400 519 437 nee
557 381 755 435 mirum
795 382 900 450 est,
930 398 1052 435 eum
1083 380 1349 434 maximos
1380 380 1613 436 ferarum
1646 400 1837 455 greges
1871 395 1898 437 5

0 458 1 525 ᾖ
82 474 103 508 ⁶
132 457 275 511 linea
310 457 491 528 pinnis
531 455 786 509 distincta
823 455 1096 510 contineat
1134 458 1190 540 et
1226 455 1286 508 in
1322 454 1542 510 insidias
1581 460 1730 530 agat,
1769 456 1837 510 ab

58 849 101 883 10

57 1221 99 1255 15

132 531 251 603 ipso
305 532 501 586 effectu
554 529 698 583 dieta
749 529 1004 584 formido:
1063 547 1216 584 vanis
1268 529 1411 583 enim
1462 549 1600 586 vana
1644 531 1839 587 terrori

132 610 273 661 aunt.
335 604 591 661 curriculi
627 607 808 659 motus
838 606 1186 675 rotarumque
1217 608 1430 659 versata
1459 605 1623 661 facies
1653 607 1837 662 leones

129 681 340 753 redegit
376 680 435 734 in
472 697 713 749 caveam,
751 679 1066 749 elephantos
1104 679 1329 751 porcina
1367 698 1475 734 vox
1512 684 1690 736 terret.
1760 681 1837 736 sie
1871 695 1898 737 6

129 756 315 826 itaque
352 755 434 809 ira
469 755 753 825 metuitur,
797 755 1068 825 quomodo
1108 755 1300 809 umbra
1339 754 1407 809 ab
1447 754 1744 810 infantibus
1752 798 1768 827 ,
1807 776 1839 811 a

130 830 259 885 feris
307 829 506 884 rubens
555 829 736 900 pinna.
812 847 926 884 non
973 829 1089 900 ipsa
1137 830 1196 884 in
1241 848 1298 884 se
1346 829 1636 901 quicquam
1674 832 1839 886 habet

130 906 349 959 firmum
387 908 482 959 aut
517 904 682 974 forte,
719 903 813 958 sed
850 904 995 958 leves
1033 904 1241 959 animos
1281 908 1477 960 movet.

279 978 398 1034 XII.
453 978 765 1050 ‘Nequitia’
804 979 983 1050 inquit
1021 978 1115 1034 ‘de
1150 999 1332 1035 rerum
1368 983 1565 1035 natura
1598 981 1838 1035 tollenda
1872 996 1896 1036 1

131 1058 235 1124 eet,
273 1056 320 1109 ei
357 1055 491 1109 velis
529 1055 665 1108 iram
703 1055 919 1124 tollere;
955 1057 1207 1110 neutrum
1247 1058 1429 1110 autem
1467 1058 1650 1126 potest
1688 1055 1839 1110 fieri?

128 1130 365 1201 primum
403 1132 585 1201 potest
621 1129 819 1200 aliquis
856 1147 968 1183 non
1006 1130 1208 1202 algere,
1247 1130 1491 1200 quamvis
1531 1129 1624 1202 [ex
1657 1149 1837 1185 rerum

128 1203 346 1276 natura]
395 1204 606 1276 hiemps
653 1205 748 1274 sit,
795 1207 849 1259 et
886 1223 998 1259 non
1034 1208 1302 1275 aestuare,
1341 1207 1586 1275 quamvis
1626 1224 1838 1261 menses

130 1278 320 1334 aestivi
369 1280 499 1334 sint:
561 1283 656 1334 aut
703 1279 811 1334 loci
862 1279 1122 1334 beneficio
1170 1280 1424 1334 adversus
1463 1280 1836 1351 intemperiem

130 1354 258 1409 anni
295 1357 446 1409 tutus
486 1358 568 1409 eet
606 1357 702 1409 aut
740 1353 1001 1424 patientia
1032 1354 1274 1425 eorporis
1306 1372 1524 1409 sensum
1555 1357 1838 1426 utriusque

129 1429 368 1500 pervicit.
428 1429 619 1484 deinde
650 1432 799 1484 verte
830 1429 999 1484 istud:
1036 1447 1255 1484 neeesse
1286 1433 1370 1484 est
1398 1430 1548 1500 prius
1581 1431 1835 1486 virtutem
1870 1446 1896 1487 2

131 1523 197 1559 ex
245 1505 426 1559 animo
475 1505 636 1560 tollas
689 1523 851 1574 quam
901 1505 1233 1560 iracundiam
1283 1505 1510 1575 recipias
1518 1549 1534 1577 ‚
1582 1507 1837 1577 quoniam

131 1596 254 1633 cum
293 1579 584 1635 virtutibus
623 1580 757 1634 vitia
794 1598 904 1634 non
943 1583 1163 1650 coeunt,
1199 1598 1300 1635 nee
1338 1580 1512 1653 magis
1552 1582 1836 1653 quisquam

131 1653 318 1709 eodem
349 1657 592 1726 tempore
623 1657 679 1710 et
708 1654 877 1709 iratus
909 1658 1091 1726 potest
1122 1673 1237 1710 esse
1270 1658 1325 1710 et
1354 1655 1438 1710 vir
1467 1656 1642 1711 bonus
1676 1675 1836 1727 quam

131 1747 290 1802 aeger
327 1733 382 1784 et
419 1748 594 1785 nanus.
666 1729 805 1784 ‘non
843 1730 1050 1801 potest’
1088 1730 1268 1801 inquit
1307 1729 1510 1786 ‘omnis
1551 1751 1619 1786 ex
1657 1732 1836 1787 animo
1870 1747 1898 1787 3

130 1803 210 1859 ira
246 1804 391 1874 tolli,
427 1823 528 1860 nec
564 1805 670 1861 hoe
706 1804 943 1860 hominis
980 1809 1177 1861 natura
1213 1806 1453 1877 patitur?
1514 1807 1667 1878 atqui
1700 1807 1838 1862 nihil

130 1882 214 1934 ent
260 1882 373 1934 tam
423 1879 643 1935 difficile
692 1883 748 1934 et
793 1879 1021 1935 arduum
1069 1880 1215 1951 quod
1259 1899 1373 1935 non
1409 1881 1648 1937 humana
1685 1901 1836 1937 mens

130 1953 311 2010 vincat
348 1956 404 2009 et
441 1954 499 2009 in
536 1954 958 2010 familiaritatem
997 1954 1258 2027 perducat
1289 1955 1512 2011 adsidua
1543 1956 1838 2028 meditatie,

131 2028 372 2100 nullique
422 2033 550 2086 sunt
597 2033 708 2084 tam
758 2030 860 2085 feri
910 2034 964 2086 et
1013 2030 1099 2085 eui
1143 2030 1275 2086 iuris
1322 2031 1563 2087 adfectus
1572 2074 1588 2102 ,
1627 2035 1689 2087 ut
1725 2051 1836 2087 non

132 2102 414 2176 disciplina
469 2104 866 2176 perdomentur.
963 2105 1340 2178 quodcumque
1394 2107 1499 2162 sibi
1551 2107 1837 2179 imperavit
1869 2122 1897 2163 4

280 2264 312 2311 8
355 2280 538 2314 uenena
583 2269 633 2313 et
678 2281 786 2313 ossa
829 2266 1058 2325 pestifera
1096 2268 1357 2326 (mortifera
1388 2270 1449 2329 L)
1490 2272 1539 2316 et
1576 2284 1758 2315 morsus
1789 2271 1836 2316 A

133 2326 283 2381 <omn
324 2327 376 2371 in
415 2341 505 2373 ras.
543 2328 629 2386 Aa)
676 2331 905 2374 venenato
947 2327 1130 2374 bestiae
1172 2328 1425 2387 pestiferae
1467 2344 1626 2376 morsu
1669 2331 1838 2388 Haupt

133 2386 360 2430 venenato
403 2387 530 2444 aspin
570 2388 788 2445 viperave
827 2402 985 2434 mortu
1021 2388 1159 2434 Gertz
1201 2391 1428 2435 venenato
1468 2403 1660 2448 serpens
1691 2390 1836 2448 pesti-

133 2442 233 2489 fera
271 2458 427 2490 morou
466 2447 621 2492 malim
659 2449 761 2506 (cfr.
786 2462 853 2507 ep.
879 2449 1015 2505 42,4)
1061 2449 1078 2507 ΙΙ
1121 2447 1152 2493 5
1189 2448 1306 2495 linia
1343 2463 1457 2496 corr.
1491 2452 1545 2495 in
1582 2449 1710 2495 linea
1744 2450 1790 2495 A
1825 2454 1830 2509 Ι

133 2504 290 2607 pinni·
313 2518 426 2552 corr.
451 2506 502 2551 in
533 2508 698 2564 pennis
721 2509 767 2554 A
798 2509 815 2567 ΙΙ
845 2507 875 2552 6
904 2507 1076 2554 effectu
1101 2508 1144 2553 L
1167 2514 1208 2555 et
1230 2510 1343 2568 vola.
1370 2508 1546 2556 affeetu
1570 2511 1615 2555 A
1642 2509 1659 2569 ΙΙ
1689 2508 1718 2556 8
1742 2509 1835 2556 ele·

153 2565 289 2610 anto·
312 2566 356 2611 A
387 2567 405 2623 ΙΙ
433 2564 463 2611 9
494 2565 565 2612 ira
587 2566 655 2613 A¹
677 2568 922 2624 habuerat,
945 2568 1025 2623 3,οά
1048 2568 1217 2615 lineola
1239 2583 1374 2616 erasa
1397 2575 1462 2616 eet
1490 2570 1507 2630 Η
1538 2569 1597 2615 10
1626 2570 1742 2627 pina.
1764 2569 1835 2616 A¹

132 2622 211 2670 sed
239 2625 431 2672 alteram
461 2641 492 2671 u
522 2640 557 2673 ε.
582 2641 623 2673 v.
646 2628 753 2674 add.
779 2643 838 2674 m.
866 2631 983 2673 1—2
1030 2629 1036 2686 Ι
1082 2628 1131 2673 in
1162 2643 1211 2675 se
1234 2629 1304 2675 A⁶
1334 2632 1386 2676 in
1416 2644 1509 2677 rae.
1551 2630 1568 2690 ΙΙ
1609 2628 1668 2676 14
1697 2630 1836 2676 verba

133 2696 190 2729 ex
242 2697 395 2730 rerum
448 2687 619 2732 natura
670 2702 773 2734 cum
819 2698 848 2733 ς’
900 2688 1094 2734 delenda
1142 2702 1233 2735 esse
1276 2690 1396 2736 vidit
1441 2690 1773 2748 Dalecampiue
1817 2690 1822 2748 Ι

134 2741 192 2790 18
221 2744 351 2802 prin·
383 2745 675 2792 iracundiam
707 2761 764 2794 ex
796 2760 837 2792 a.
864 2750 897 2793 t,
927 2761 1068 2805 quam
1101 2748 1321 2795 virtutem
1352 2750 1537 2807 scripsit
1562 2750 1724 2805 Ger-tm
1754 2763 1800 2796 ee

132 2804 214 2858 cfr.
247 2803 350 2851 Joh.
375 2805 549 2851 Malles·
572 2807 678 2854 Ber.
706 2809 852 2853 Wien.
878 2808 1029 2854 Akad.
1058 2807 1284 2855 CXVIII
1311 2810 1460 2867 (1889)
1485 2824 1535 2868 p.
1556 2812 1612 2855 15
1635 2810 1653 2869 ΙΙ
1674 2808 1732 2855 21
1757 2809 1836 2855 uir

133 2862 203 2909 A⁸
230 2865 248 2922 ΙΙ
275 2863 336 2910 28
368 2864 438 2911 ira
469 2865 572 2911 tolli
598 2869 640 2913 A
674 2870 740 2925 <to
773 2869 824 2914 in
856 2869 1027 2915 maiore
1058 2883 1175 2925 ra8.;
1206 2869 1295 2915 vid.
1321 2870 1465 2926 fuisse
1498 2869 1620 2915 irato
1653 2868 1743 2927 illi)

1416 2960 1472 3004 θῶ
