2034 3086
232 66 336 120 178
554 64 604 108 L.
628 43 864 107 ANNAEI
895 63 1165 109 SENECAE
1195 63 1353 110 DIAL.
1377 64 1487 109 LIB.
1512 65 1590 110 VI.

226 185 408 256 fulgor
454 189 507 238 et
551 185 690 237 inter
733 183 1043 253 rapidorum
1091 185 1408 238 torrentium
1455 205 1643 239 aurum
1687 186 1911 240 harenas

226 259 537 313 interfluens
587 261 640 311 et
684 259 743 311 in
787 258 975 311 mediis
1024 260 1179 312 terris
1224 259 1506 328 medioque
1549 278 1732 315 rursus
1777 261 1912 314 mari

226 334 397 387 aeriae
456 333 663 404 ignium
719 333 861 386 faces
916 335 970 385 et
1020 334 1294 387 vinculum
1347 337 1608 388 terrarum
1670 354 1913 404 oceanus,

227 408 682 462 continuationem
714 406 954 478 gentium
985 407 1186 476 triplici
1216 408 1335 461 sinu
1363 408 1606 462 scindens
1631 414 1685 463 et
1706 410 1912 481 ingenti

223 482 440 536 licentia
478 480 828 535 exaestuans?
886 481 1091 534 videbis
1128 482 1219 536 hic
1248 482 1499 551 inquietis
1523 486 1577 535 et
1607 483 1719 536 sine
1750 487 1910 538 vento

224 556 608 610 fluctuantibus
622 556 772 624 aquis
784 556 969 608 innare
981 556 1258 610 excedenti
1269 557 1537 611 terrestria
1544 558 1911 628 magmtudme

225 630 490 700 animalia,
507 630 765 700 quaedam
782 629 966 700 gravia
982 633 1035 682 et
1051 630 1224 683 alieno
1239 648 1295 684 se
1306 631 1612 703 magisterio
1626 633 1913 701 moventia,

225 705 485 774 qua-edam
499 705 705 758 velocia
721 707 774 757 et
790 703 1068 758 concitatis
1083 705 1383 773 perniciora
1395 706 1628 777 remigis,
1652 706 1910 775 quaedam

222 779 523 833 haurientia
570 779 739 832 undas
790 782 844 832 et
891 796 1088 849 magno
1133 780 1629 851 praenavigantium
1673 780 1909 850 periculo

224 854 483 923 efflantia3
532 853 732 907 videbis
777 853 867 907 hic
912 853 1127 924 navigia
1173 871 1304 922 quas
1349 874 1461 908 non
1503 874 1699 909 novere
1744 858 1909 909 terras

224 929 543 998 quaerentia.
592 927 798 982 videbis
821 928 957 981 nihil
979 927 1243 981 humanae
1267 930 1517 983 audaciae
1532 930 1910 1000 intemptatum

223 1003 430 1072 erisque
485 1006 539 1055 et
588 1005 857 1072 spectator
906 1006 960 1056 et
1004 1003 1119 1071 ipse
1168 1020 1291 1071 pars
1338 1022 1534 1075 magna
1581 1005 1910 1058 conantium:

222 1077 390 1131 disces
422 1077 744 1146 docebisque
768 1080 931 1146 artes,
960 1077 1090 1130 alias
1116 1095 1250 1146 quae
1273 1075 1439 1131 vitam
1462 1079 1752 1148 instruant,
1782 1079 1911 1133 alias

223 1170 357 1220 quae
381 1155 588 1221 ornent,
610 1153 738 1205 alias
765 1170 899 1221 quae
928 1154 1130 1223 regant.
1187 1151 1278 1205 sed
1302 1152 1424 1206 istic
1447 1157 1603 1207 erunt
1629 1154 1776 1207 mille
1801 1172 1912 1208 cor-

219 1245 436 1296 porum,
467 1227 764 1279 animorum
789 1229 989 1295 pesteS,
1013 1229 1067 1279 et
1090 1226 1232 1279 bella
1255 1229 1308 1279 et
1329 1227 1610 1282 latrocinia
1633 1233 1688 1282 et
1709 1247 1912 1282 venena

221 1304 275 1354 et
303 1301 583 1371 naufragia
614 1304 667 1353 et
696 1300 1038 1370 intemperies
1078 1301 1210 1354 caeli
1249 1301 1592 1371 corporisque
1624 1306 1678 1355 et
1708 1303 1911 1356 carissi-

219 1393 428 1428 morum
462 1376 651 1429 acerba
682 1375 940 1428 desideria
963 1378 1016 1428 et
1039 1393 1206 1444 mors,
1236 1374 1499 1428 incertum
1521 1376 1694 1431 facilis
1725 1396 1794 1430 an
1816 1396 1912 1446 per

218 1467 447 1518 poenam
473 1450 886 1518 cruciatumque.
941 1449 1175 1503 delibera
1196 1453 1374 1503 tecum
1399 1454 1453 1503 et
1475 1450 1758 1520 perpende,
1782 1451 1910 1519 quid

218 1524 372 1577 velis:
403 1527 466 1577 ut
497 1524 563 1577 ad
593 1525 686 1577 illa
716 1524 915 1593 veniaS,
944 1542 1040 1593 per
1069 1525 1163 1576 illa
1187 1524 1486 1577 exeundum
1511 1525 1627 1579 est?
1694 1542 1911 1595 respon-

176 1632 180 1640 ι
219 1598 367 1652 debis
390 1599 529 1652 velle
552 1601 606 1652 te
629 1598 842 1652 vivere?
866 1630 936 1637 -—
959 1597 1184 1667 quidni?
1236 1599 1419 1667 imm0,
1449 1603 1596 1669 puto,
1629 1599 1695 1652 ad
1722 1600 1778 1652 id
1799 1618 1911 1653 non

219 1673 434 1727 accedes
443 1714 459 1742 ,
489 1692 555 1726 ex
586 1691 692 1743 quo
724 1673 825 1726 tibi
856 1672 1058 1742 aliquid
1091 1674 1267 1727 decuti
1300 1673 1445 1726 doles
1485 1693 1579 1726 ——z
1627 1675 1747 1728 vive
1781 1693 1907 1745 ergo

217 1750 280 1801 ut
318 1748 579 1801 convenit.
658 1747 867 1801 ‘nemo’
908 1747 1087 1817 inquis
1128 1748 1250 1801 ‘nos
1290 1748 1594 1801 consuluit.’
1679 1749 1910 1802 consulti

367 1864 394 1908 1
428 1877 592 1908 aurum
615 1865 814 1909 harenas
845 1865 1010 1921 scripsi
1034 1870 1087 1909 ut
1114 1865 1248 1909 Gertz
1271 1865 1380 1909 olim
1402 1865 1454 1908 in
1476 1865 1593 1909 stud.
1619 1867 1717 1909 crit.
1745 1878 1908 1909 aurum

216 1923 404 1968 harenis
439 1926 485 1968 A
525 1924 726 1968 harenas
769 1937 933 1967 aurum
964 1934 992 1967 ς
1030 1926 1078 1968 et
1116 1923 1238 1968 inter
1275 1924 1546 1980 rapidorum
1582 1938 1768 1968 cursum
1795 1926 1906 1969 tort.

217 1996 315 2028 aur.
351 1983 538 2027 harenis
580 1983 849 2028 interfluens
885 1984 935 2027 F
974 1984 1022 2027 et
1059 1983 1212 2027 nitens
1253 1985 1319 2040 (et
1349 1984 1493 2038 nitor,
1526 1983 1767 2040 Schultess)
1807 1997 1907 2041 rap.

215 2044 324 2086 torr.
360 2056 525 2086 aurum
554 2043 742 2088 harenis
773 2042 1042 2087 interfluens
1078 2043 1212 2087 Gertz
1251 2045 1299 2087 et
1329 2043 1452 2088 inter
1479 2059 1514 2087 r.
1539 2045 1572 2087 t.
1607 2042 1908 2099 <alveum>

217 2109 314 2147 aur,
338 2101 526 2146 harenis
557 2103 586 2148 i.
613 2103 876 2159 Petscheniy
914 2101 930 2161 Η
966 2101 996 2146 3
1027 2102 1183 2146 aeriae
1208 2103 1405 2160 Madviy
1434 2105 1587 2147 terrae
1610 2102 1679 2147 A⁵
1708 2104 1761 2146 in
1790 2117 1904 2157 ras„
1899 2120 1909 2130 ·

215 2175 271 2206 ex
303 2161 373 2206 A¹
405 2163 637 2218 scriptura
677 2163 796 2206 nihil
832 2167 973 2206 restat
1008 2163 1104 2206 ‘nisi
1140 2164 1296 2219 prima
1335 2163 1421 2207 litt.
1455 2176 1484 2206 a
1522 2176 1623 2207 cum
1653 2162 1775 2206 mari
1805 2176 1906 2207 con-

215 2222 374 2266 iwncta
405 2221 652 2266 aethereae
677 2223 844 2278 Haupt
872 2221 1077 2265 torridae
1102 2222 1366 2279 Petschenig}
1394 2221 1410 2281 Η
1447 2221 1478 2266 4
1509 2222 1908 2266 continuationem

215 2281 267 2324 F
292 2281 582 2325 continuatio
612 2282 660 2326 A
689 2281 705 2340 ΙΙ
742 2281 771 2325 5
801 2281 877 2324 hic
901 2291 928 2324 ς
957 2281 1031 2324 his
1055 2282 1102 2325 A
1132 2280 1148 2340 Η
1185 2281 1215 2324 6
1245 2281 1408 2325 innare
1440 2295 1535 2326 exc.
1563 2282 1722 2326 Haase
1752 2281 1908 2325 innari

216 2341 263 2383 et
301 2353 396 2384 exc.
433 2341 479 2385 A
520 2340 737 2384 innantia
777 2354 870 2385 exc
909 2340 1046 2385 Gertz
1087 2340 1251 2384 innare
1289 2342 1362 2384 tot
1400 2355 1495 2385 exc.
1534 2341 1759 2386 Schultess
1800 2342 1904 2396 fort.

214 2405 329 2444 recte
358 2399 374 2458 Η
411 2399 441 2443 6
469 2400 711 2444 terrestria
738 2399 918 2444 Gronov
949 2400 1176 2443 terrentia
1198 2402 1245 2444 A
1275 2401 1461 2444 terrena
1484 2410 1512 2443 ς
1540 2399 1556 2458 ΙΙ
1586 2399 1615 2444 8
1645 2400 1835 2457 remigis
1859 2401 1906 2444 A

214 2459 422 2516 remigiis
447 2469 475 2503 ς
505 2460 644 2504 remis
675 2459 875 2516 navigiis
903 2459 1038 2504 Gertz
1069 2460 1220 2515 (1889)
1259 2458 1275 2518 ΙΙ
1315 2459 1344 2503 9
1376 2459 1590 2503 aurentia
1617 2459 1710 2517 A!
1694 2458 1710 2528 Η
1747 2459 1803 2503 11
1836 2460 1906 2503 ιιι-

212 2520 496 2575 temptatum
528 2529 555 2562 ς
593 2518 874 2575 intemplata
896 2518 965 2563 A¹
995 2518 1306 2574 intemptatae
1333 2518 1403 2563 A²
1419 2520 1473 2576 (2²)
1504 2518 1520 2577 ΙΙ
1558 2518 1616 2563 12
1647 2519 1829 2574 erisque
1862 2518 1903 2575 ej

213 2578 260 2622 A
294 2577 300 2636 Ι
334 2591 419 2634 per
439 2578 826 2635 magnaA¹corr.
852 2580 903 2623 in
932 2591 1019 2634 par
1043 2593 1110 2621 m-
1133 2577 1204 2623 A'
1224 2578 1241 2637 ΙΙ
1271 2578 1328 2622 17
1353 2578 1557 2622 incertus
1581 2579 1627 2622 A
1650 2577 1746 2638 1120
1770 2578 1904 2634 quid-

212 2637 263 2680 ni
293 2614 547 2682 immerito⁰
560 2638 621 2681 ad
644 2637 696 2681 id
726 2651 820 2682 non
846 2638 1076 2682 accedas.
1142 2637 1338 2681 ‚dolest’
1370 2638 1498 2682 Koch
1527 2637 1685 2682 volens
1710 2638 1904 2682 accedes

217 2696 351 2741 Gertz
394 2696 575 2754 aliquid
615 2697 774 2741 decuti
811 2697 939 2741 noles
973 2698 1169 2754 Madviq
1207 2697 1373 2753 quidni
1413 2697 1473 2741 ad
1511 2697 1562 2740 id
1598 2697 1815 2752 accedas,
1847 2710 1904 2741 ex

214 2769 304 2811 quo
340 2791 348 2799 .
375 2791 385 2801 .
415 2793 423 2801 .
458 2757 646 2801 doleas?
678 2757 904 2802 audacius
926 2758 980 2801 P.
1004 2758 1210 2802 Thomas.
1242 2763 1358 2802 recte
1387 2757 1500 2801 mihi
1530 2757 1709 2812 quidem
1739 2758 1793 2802 de
1822 2757 1905 2801 hoc

214 2816 307 2860 loco
351 2817 442 2861 vid.
481 2817 709 2860 iudicasse
754 2817 980 2862 Schultess
1025 2817 1162 2872 (Phil.
1202 2816 1426 2873 A‘nzeiyer
1463 2816 1624 2861 XVII
1656 2830 1707 2873 p.
1735 2818 1841 2872 293)
1888 2816 1903 2874 Η

213 2874 272 2918 22
303 2875 503 2919 consulti
535 2877 643 2919 sunt
666 2877 718 2920 F
741 2882 794 2920 ut
823 2877 935 2932 volq.
971 2875 1228 2934 consulitlis
1261 2877 1370 2920 sunt
1393 2876 1439 2920 A

1943 874 1986 906 10

1943 1245 1984 1278 15

1942 1617 2034 1650 80.
