2034 3086
182 65 287 110 x1v
861 61 1205 123 PRAEFATm

332 190 586 248 Quantum
645 188 776 238 inter
836 204 887 237 se
949 188 1138 238 distent
1197 188 1559 243 Ambrosianus
1621 191 1672 239 et
1729 190 1878 240 huius

183 268 331 315 sortis
372 265 584 326 codiceS‚
628 264 682 311 in
729 262 1150 312 consolatione
1197 263 1415 312 cernitur
1453 264 1525 313 ad
1562 263 1879 328 Polybium

184 341 315 390 data.
372 341 513 389 cuius
551 337 770 387 maxima
806 353 947 400 pars,
986 353 1101 406 cum
1137 338 1191 386 in
1229 336 1279 386 A
1316 337 1506 387 infelici
1544 354 1662 395 casu
1702 340 1880 389 avulsa

185 417 273 476 sit,
313 431 338 463 0
376 412 732 463 recentioribus
764 412 906 461 libris
937 428 1053 461 mss,
1084 412 1395 462 restituenda
1425 415 1514 463 est.
1570 429 1628 463 ac
1657 414 1879 477 proxime

184 489 387 552 quidem
418 488 647 537 accedere
680 487 744 536 ad
767 486 839 548 A,
879 486 964 535 sed
994 488 1144 551 longo
1175 487 1440 536 intervallo
1472 489 1707 551 proxime,
1747 490 1878 538 codi-

107 571 153 614 B
185 579 290 613 cem
335 562 706 612 Berolinensem
752 554 849 629 (B)
894 561 961 610 M.
994 560 1100 610 Lat.
1124 561 1231 610 Fol.
1257 563 1325 610 47
1374 577 1499 612 saec.
1525 562 1644 611 XIV
1690 562 1881 612 dudum

183 638 494 687 intellectum
540 639 629 686 est.
704 636 887 698 multa,
934 652 1061 699 quae
1109 635 1163 684 in
1202 652 1258 685 00
1296 635 1421 684 bene
1460 638 1672 687 correxit
1700 653 1880 687 manus

182 712 525 762 recentissima
557 705 699 778 (ΒΞ),
739 726 769 759 a
793 709 951 759 'manu
982 710 1146 773 prima
1176 710 1297 760 mire
1329 710 1627 775 discrepant,
1657 713 1880 762 virorum

184 787 442 836 doctorum
480 786 696 836 inventis
735 787 811 834 ita
850 785 1173 848 concordant,
1210 787 1269 835 ut
1306 801 1406 834 non
1444 785 1550 835 sine
1589 802 1739 837 causa
1771 786 1880 850 qui·

185 862 301 911 dam
338 861 582 924 suspicati
621 860 723 910 sint
760 859 922 923 petita
961 876 1020 908 ea
1059 875 1163 909 esse
1202 876 1260 909 ex
1298 859 1515 909 editione
1547 861 1718 925 aliqua
1750 862 1879 910 anti-

53 943 157 987 DE
184 952 296 1000 qua.
367 936 509 986 Koch
546 935 722 984 deinde
762 935 972 984 duorum
1012 934 1238 984 codicum
1276 950 1400 984 saec.
1425 934 1544 983 XIV
1590 931 1666 1003 (D
1709 938 1760 986 et
1790 930 1880 1003 E),

185 1013 275 1076 qui
299 1011 399 1075 ipsi
423 1027 623 1075 quoque
648 1010 922 1059 Mediolani
949 1011 1003 1058 in
1032 1008 1333 1059 bibliotheca
1359 1009 1692 1059 Ambrosiana
1724 1027 1878 1060 asser-

183 1087 381 1148 vantur,
412 1086 576 1136 varias
600 1086 836 1134 lectiones
869 1086 1150 1134 accuratius
1186 1101 1337 1148 quam
1367 1084 1587 1133 Fickerti
1618 1086 1879 1135 collatores

103 1168 160 1212 H
184 1160 422 1210 exhi-buit.
466 1161 542 1209 his
562 1159 708 1210 Gertz
734 1159 824 1209 cod
855 1150 1194 1209 Hauniensem
1207 1153 1308 1228 (H)
1326 1175 1452 1209 saec.
1465 1159 1572 1221 XV,
1594 1161 1654 1208 ut
1668 1159 1881 1222 videtur,

185 1235 379 1285 addidit
393 1237 458 1298 et,
481 1237 540 1284 ut
563 1251 717 1298 supra
733 1234 849 1297 dixi,
872 1235 927 1284 in
942 1234 1117 1298 primis
1142 1234 1388 1299 capitibus
1406 1235 1510 1283 cod.
1523 1234 1879 1284 Florentinum.

185 1310 271 1360 sed
325 1326 439 1360 cum
490 1325 657 1359 omnes
713 1326 884 1359 eorum
935 1309 1207 1373 scripturas
1253 1309 1305 1357 in
1354 1309 1763 1358 commentarium
1807 1311 1881 1358 in-

184 1401 351 1450 gerere
386 1401 487 1434 non
518 1402 544 1433 e
575 1401 628 1434 10
659 1386 803 1447 esset,
834 1400 894 1433 ea
923 1386 1124 1433 tantum
1155 1400 1213 1431 ex
1250 1385 1444 1448 ingenti
1481 1384 1609 1432 mole
1649 1377 1882 1447 excerpsi,

186 1476 314 1523 quae
353 1475 735 1509 commemorare
776 1474 956 1523 operae
992 1458 1208 1522 pretium
1247 1459 1512 1508 videretur.
1587 1459 1668 1507 hic
1713 1458 1818 1506 illic
1857 1475 1882 1506 0

121 1541 164 1585 V
186 1535 406 1584 Fickerti
438 1537 686 1599 apparatu
718 1534 824 1583 cod.
847 1533 1254 1582 Vratislaviensis
1287 1526 1386 1601 (V)
1423 1535 1474 1582 et
1505 1531 1884 1596 Guelferbytani

111 1615 154 1660 G
186 1604 283 1678 (G)
324 1610 559 1659 lectiones
599 1608 843 1673 quasdam
881 1609 1143 1658 accessisse
1183 1607 1306 1658 satis
1343 1608 1502 1657 habeo
1551 1608 1631 1657 hic
1669 1623 1881 1656 monere.

335 1683 640 1734 Coniecturis
687 1685 910 1733 virorum
956 1683 1218 1733 doctorum
1263 1683 1434 1732 multis
1481 1682 1605 1731 1111111
1642 1683 1722 1731 uti
1758 1682 1882 1731 licu-

184 1760 280 1809 isse
326 1761 470 1824 grato
516 1760 598 1807 hic
646 1758 812 1807 animo
859 1758 1106 1822 profiteor.
1184 1759 1387 1807 nomina
1430 1773 1601 1807 eorum
1637 1758 1691 1805 in
1731 1771 1884 1821 appa-

184 1836 299 1883 ratu
338 1833 511 1883 critico
544 1833 646 1883 suis
686 1833 807 1882 locis
847 1834 1023 1882 notata
1059 1832 1304 1896 invenies3
1343 1835 1402 1882 ut
1438 1848 1554 1882 vero
1586 1831 1883 1895 disputatio-

184 1925 269 1958 nes
315 1910 452 1972 ipsas
499 1907 740 1971 inspicere
788 1907 971 1970 possiS,
1017 1907 1230 1956 indicem
1271 1923 1441 1956 eorum
1482 1907 1765 1956 libellorum
1803 1905 1884 1954 1110

183 1999 483 2047 proponam,
523 1998 646 2045 quos
684 1982 737 2030 in
776 1998 922 2045 opere
963 1981 1186 2044 adhibui3
1225 1985 1342 2031 sunt
1381 1983 1549 2030 autem
1587 1982 1663 2030 hi:

187 2103 236 2148 L.
256 2102 302 2148 C.
320 2103 381 2148 M.
407 2102 588 2147 Aubert
624 2102 944 2147 adnotationes
976 2105 1028 2147 in
1058 2102 1252 2148 Senecae
1291 2104 1402 2147 dial.
1429 2105 1461 2147 Ι
1495 2102 1544 2146 111
1578 2103 1703 2147 Mus.
1738 2101 1882 2146 Rhen.

303 2169 495 2214 XXXVI
526 2185 571 2227 p.
592 2174 753 2225 178sq.

186 2245 383 2301 Bentley
405 2245 513 2289 vide
529 2245 580 2288 E.
599 2243 811 2289 Hedicke
829 2244 996 2289 Studia
1012 2246 1303 2300 Bentleiana,
1320 2247 1384 2289 II
1395 2246 1563 2290 Seneca
1580 2244 1885 2288 Bentleianus

304 2311 626 2357 Freienwalde
655 2315 782 2356 1899.

187 2386 236 2430 Ε.
263 2386 562 2431 Badstfibner
604 2387 818 2444 Beitra'ye
860 2401 943 2431 eur
987 2387 1257 2444 Erklc'iruny
1287 2401 1332 2431 u.
1368 2387 1527 2431 Kritik
1569 2386 1648 2430 der
1684 2385 1885 2441 philoso-

298 2454 520 2510 phischen
551 2453 779 2509 Schriften
810 2453 1004 2498 Senecas
1034 2453 1279 2511 Hamburg
1310 2457 1436 2496 1901.

186 2528 227 2572 J.
244 2527 284 2572 J.
312 2526 605 2572 Cornelissen
636 2515 937 2573 Coniectanea
969 2529 1118 2573 latina
1150 2527 1431 2572 Daventriae
1458 2530 1587 2571 1870.

187 2603 241 2647 R.
266 2602 383 2646 Ellis
415 2603 700 2648 Adversaria
732 2602 775 2647 V
798 2602 848 2645 111
878 2603 1080 2648 Journal
1111 2605 1160 2658 of
1191 2603 1429 2661 Philozoqy
1459 2600 1651 2645 XXVIII
1681 2614 1725 2656 p.
1747 2602 1799 2642 19
1817 2612 1882 2653 sq.

188 2678 242 2721 A.
269 2677 471 2721 Eussner
502 2678 576 2722 Za
606 2676 775 2722 Seneca
804 2676 855 2720 in
886 2677 1041 2722 Philo]
1072 2682 1128 2722 38
1154 2679 1304 2735 (1879)
1336 2692 1381 2733 p.
1404 2680 1501 2720 398.

251 2771 304 2776 ——
368 2745 442 2788 Za
473 2743 643 2790 Seneca
667 2744 721 2789 de
751 2749 900 2800 tranq.
935 2746 1083 2789 animi
1113 2745 1162 2789 in
1194 2745 1358 2789 Philol.
1379 2747 1433 2787 39
1467 2758 1512 2799 p.
1533 2746 1631 2786 372.

252 2838 305 2843 —-
369 2812 440 2855 Za
472 2811 642 2857 Seneca
673 2811 727 2855 de
758 2811 847 2855 otio
878 2810 928 2854 in
960 2811 1125 2856 Philol.
1146 2816 1201 2855 42
1235 2825 1279 2867 p.
1300 2814 1398 2854 607.

190 2885 229 2929 J.
248 2885 508 2929 Feldmann
542 2886 883 2931 Observationes
914 2886 977 2930 ad
1007 2885 1220 2931 Senecam
1251 2887 1436 2930 criticae
1468 2883 1675 2928 Ostrowo
1696 2885 1824 2925 1887.

2032 568 2034 571 .
2032 509 2034 522 -
2027 258 2034 488 ...ssmw
