2028 3106
248 89 355 143 258
576 86 625 128 L.
650 83 887 129 ANNAEI
917 83 1190 129 SENECAE
1221 84 1379 128 DIAL.
1404 85 1515 129 LIB.
1540 85 1616 130 IX

247 227 279 260 a
333 206 713 275 cupiditatibus
777 205 1061 275 eligemus3
1123 207 1347 274 serpunt
1399 203 1543 256 enim
1597 204 1730 257 vitia
1783 209 1837 258 et
1889 205 1947 258 in

246 280 551 350 proximum
620 297 886 349 quemque
945 278 1254 331 transiliunt
1313 281 1366 331 et
1427 280 1679 331 contactu
1738 283 1945 332 nocent.

245 356 428 423 itaque
467 354 915 423 quemadmodum
952 353 1010 405 in
1048 352 1353 420 pestilentia
1391 352 1686 406 curandum
1726 355 1830 420 est,
1879 372 1945 405 ne

246 429 505 497 correptis
563 429 671 481 iam
734 427 1047 495 corporibus
1102 429 1157 479 et
1210 426 1397 478 morbo
1451 425 1802 496 flagrantibus
1859 426 1945 478 ad-

247 503 534 572 sideamuS,
575 502 702 571 quia
740 501 978 569 pericula
1006 501 1280 553 trahemus
1313 499 1618 569 adflatuque
1649 500 1769 569 ipso
1801 499 1946 552 labo·
2000 519 2020 551 5

245 576 503 646 rabimus,
555 577 632 629 ita
684 575 742 627 in
795 575 1089 629 amicorum
1133 573 1375 646 legendis
1422 573 1650 645 ingeniis
1702 573 1946 627 dabimus

247 670 484 721 operam,
531 654 594 704 ut
633 654 793 718 quam
833 650 1050 703 minime
1088 649 1398 719 inquinatos
1438 648 1802 702 adsumamus:
1850 647 1946 700 ini-

244 726 380 779 tium
427 725 603 779 morbi
641 727 723 777 est
760 725 934 795 aegris
976 743 1106 778 sana
1143 724 1379 777 miscere.
1457 741 1556 776 nec
1593 723 1698 777 hoc
1736 741 1947 793 praece-

244 802 416 870 perim
469 799 594 867 tibi,
649 802 709 851 ut
754 799 1021 852 neminem
1070 797 1176 852 nisi
1224 798 1520 882 sapientem
1567 798 1805 866 sequaris
1854 800 1948 850 aut

244 875 518 941 adtrahas3
567 873 661 925 ubi
707 874 849 926 enim
889 873 1053 925 istum
1093 873 1353 956 invenieS,
1403 889 1562 940 quem
1599 874 1683 924 tot
1722 871 1946 925 saeculis
1981 889 2023 921 10

244 947 586 1018 quaerimus?
632 966 729 1016 pro
756 946 963 1016 optimo
989 947 1060 1000 sit
1084 946 1302 1000 minime
1328 945 1524 999 malus!
1571 945 1662 997 vix
1684 946 1786 998 tibi
1809 949 1948 999 esset

242 1023 472 1076 facultas
497 1021 720 1075 dilectus
745 1021 1015 1089 felicioriS,
1040 1020 1085 1073 si
1109 1020 1249 1072 inter
1272 1019 1526 1072 Platonas
1552 1022 1606 1071 et
1624 1017 1947 1088 Xenophon-

242 1101 325 1149 tas
359 1098 412 1148 et
442 1095 595 1148 illum
630 1094 889 1149 Socratici
921 1094 1062 1147 fetus
1094 1097 1416 1163 proventum
1445 1094 1617 1147 bonos
1655 1110 1947 1161 quaereres,

244 1173 337 1222 aut
368 1170 413 1223 si
437 1169 536 1222 tibi
560 1172 796 1239 potestas
823 1168 1145 1222 Catonianae
1169 1169 1322 1220 fieret
1345 1168 1555 1235 aetatis,
1588 1186 1724 1236 quae
1749 1167 1947 1236 pleros—

245 1262 348 1312 que
380 1243 570 1314 dignos
602 1243 749 1311 tulit,
791 1243 883 1311 qui
916 1241 1132 1295 Catonis
1166 1241 1377 1295 saeculo
1410 1246 1754 1294 nascerentur
1786 1239 1949 1310 (sicut
1981 1257 2022 1289 15

242 1318 443 1371 multos
506 1317 713 1388 peiores
770 1335 931 1385 quam
985 1334 1242 1385 umquam
1297 1315 1429 1368 alias
1484 1315 1947 1383 maximorumque

242 1392 517 1446 molitores
558 1393 842 1460 scelerum;
889 1394 1115 1459 utraque
1156 1390 1297 1443 enim
1337 1389 1496 1442 turba
1536 1407 1670 1457 opus
1711 1392 1847 1457 erat,
1886 1392 1948 1441 ut

244 1464 374 1519 Cato
421 1469 605 1536 posset
650 1465 914 1535 intellegi:
960 1465 1155 1517 habere
1196 1464 1380 1517 debuit
1418 1466 1472 1516 et
1510 1462 1704 1532 bonos,
1752 1463 1946 1533 quibus

243 1559 297 1594 se
344 1540 689 1610 adprobaret,
735 1543 789 1592 et
827 1540 1024 1623 malos,
1071 1539 1127 1591 in
1167 1539 1360 1607 quibus
1400 1537 1511 1590 vim
1551 1554 1702 1589 suam
1743 1539 1946 1621 experi-

240 1612 433 1686 retur):
485 1633 630 1668 nunc
683 1632 809 1667 vero
864 1614 922 1666 in
974 1616 1126 1666 tanta
1178 1613 1445 1665 bonorum
1493 1613 1728 1681 egestate
1767 1613 1945 1664 minus
1978 1628 2022 1659 20

240 1689 520 1742 fastidiosa
558 1689 654 1741 fiat
692 1688 894 1741 electio
960 1687 1247 1757 praecipue
1286 1689 1467 1739 tamen
1498 1685 1737 1738 vitentur
1767 1685 1944 1738 tristes

241 1767 295 1816 et
333 1763 514 1816 omnia
553 1763 916 1832 deplorantes,
957 1761 1150 1830 quibus
1190 1761 1340 1813 nulla
1377 1778 1489 1813 non
1529 1777 1689 1813 causa
1726 1759 1784 1811 in
1821 1777 1945 1827 que—

240 1837 397 1890 rellas
452 1837 642 1905 placet.
721 1840 930 1890 constet
983 1835 1065 1887 illi
1116 1835 1244 1888 licet
1288 1834 1420 1887 fides
1469 1836 1522 1886 et
1568 1832 1946 1901 benivolentia,

240 1911 620 1980 tranquillitati
662 1914 843 1963 tamen
883 1910 1132 1963 inimicus
1173 1911 1254 1962 est
1291 1925 1470 1962 comes
1510 1907 1853 1976 perturbatus
1894 1911 1947 1960 et

242 1986 423 2038 omnia
461 2003 697 2056 gemenS.
1979 1998 2020 2029 25

389 2071 534 2126 VIII.
596 2072 949 2126 Transeamus
1001 2072 1068 2124 ad
1116 2071 1459 2140 patrimonia,
1510 2070 1800 2123 maximam
1850 2071 1946 2123 hu-

240 2165 518 2200 manarum
569 2165 945 2199 aerumnarum
995 2146 1298 2215 materiam3
1346 2162 1472 2197 nam
1524 2144 1567 2197 si
1620 2145 1804 2198 omnia
1842 2145 1947 2197 alia

241 2222 434 2288 quibus
452 2220 700 2291 angimur
724 2238 1024 2290 compares,
1054 2223 1277 2288 mortes,
1308 2219 1727 2289 aegrotationes,
1752 2221 1943 2300 metue,

240 2295 520 2363 desideria,
582 2295 828 2348 dolorum
890 2295 1242 2378 laborumque
1300 2293 1639 2362 patientiam,
1702 2309 1827 2344 cum
1881 2290 1945 2343 iis

241 2387 376 2438 quae
425 2369 580 2421 nobis
631 2369 773 2421 mala
822 2368 1050 2437 pecunia
1103 2371 1289 2421 nostra
1343 2366 1581 2436 exhibet,
1634 2366 1767 2418 haec
1823 2382 1946 2433 pars
1978 2381 2021 2412 30

239 2443 471 2496 multum
518 2431 904 2513 praegravabit.
982 2441 1163 2511 itaque
1203 2441 1549 2512 cogitandum
1590 2443 1694 2508 est,
1744 2442 1945 2507 quanto

386 2587 417 2633 3
447 2587 610 2643 itaque
641 2587 1036 2644 quemadmodum
1073 2588 1238 2644 scripsi
1270 2588 1367 2631 coll.
1393 2586 1505 2631 dial.
1534 2586 1579 2631 V
1605 2588 1698 2640 5,1
1737 2583 1860 2639 itaq3
1891 2586 1974 2627 ut

239 2647 364 2704 quod
389 2648 436 2693 A
465 2647 628 2702 itaque
657 2649 712 2691 ut
741 2649 843 2715 voly
895 2647 1058 2702 itaque
1088 2648 1144 2691 ut
1173 2646 1411 2703 quondam
1444 2645 1580 2690 Gertz
1615 2644 1779 2699 itaque
1810 2645 1864 2687 ut
1894 2643 1944 2687 id

239 2708 504 2765 Petscheniy
534 2706 696 2761 itaque
726 2708 780 2750 ut
810 2707 861 2750 in
892 2709 1009 2763 pest
1045 2719 1230 2762 quoque
1263 2707 1418 2750 Hense
1454 2704 1471 2762 ΙΙ
1510 2704 1568 2748 10
1599 2703 1726 2747 istud
1751 2703 1798 2748 A
1829 2716 1942 2747 corr.

237 2767 351 2824 voly
391 2766 407 2825 Ἰ
449 2766 504 2811 11
538 2765 601 2809 sit
636 2764 771 2810 Gertz
801 2768 873 2810 est
902 2767 948 2811 A
987 2764 1104 2834 {1123
1133 2764 1206 2808 illi
1230 2765 1276 2809 A
1307 2764 1402 2808 illis
1427 2763 1716 2820 Wesenbery,
1748 2762 1830 2806 sed
1859 2762 1942 2816 cfr

238 2826 431 2870 similem
472 2825 677 2870 ordinem
719 2826 956 2870 verborum
997 2826 1049 2868 in
1091 2838 1189 2881 cap.
1223 2827 1318 2879 3,1
1361 2828 1472 2869 extr.
1517 2823 1533 2882 ΙΙ
1573 2821 1633 2866 30
1672 2820 1831 2866 exibet
1862 2821 1941 2866 A¹

240 2885 571 2941 adspirationis
600 2885 783 2941 siynum
819 2889 847 2938 [-
881 2884 985 2928 add.
1011 2898 1045 2928 s
1071 2898 1110 2928 v.
1136 2885 1241 2938 fort.
1268 2881 1339 2927 A*
