2028 3106
167 975 195 1014 4

169 1196 193 1236 1

169 2009 194 2048 2

229 101 338 156 240
535 97 584 141 L.
611 94 845 139 ANNAEI
877 94 1149 140 SENECAE
1180 93 1338 138 DIAL.
1362 94 1473 139 LIB.
1498 93 1619 138 VIII.

227 222 408 272 utrum
456 216 635 284 aliqua
679 234 763 269 res
810 215 1146 284 propositum
1186 214 1255 268 sit
1293 232 1361 266 an
1398 214 1663 283 propositi
1701 215 1918 268 alterius

228 289 494 346 accessio-‚1²
583 290 654 344 sit
711 308 835 343 sane
875 289 1074 361 grande
1113 288 1418 356 discrimen,
1467 290 1648 340 tamen
1693 289 1919 342 alterum

229 366 342 419 sine
381 366 548 417 altero
586 382 698 417 non
736 366 838 416 est:
876 381 975 417 nec
1005 364 1096 417 ille
1127 363 1241 416 sine
1272 362 1482 415 actione
1512 363 1918 432 contemplatur,

226 457 325 492 nec
361 439 451 492 hic
490 438 602 491 sine
641 438 1091 507 contemplatione
1137 437 1270 507 agit,
1319 453 1418 488 nec
1462 435 1553 488 ille
1590 436 1800 505 tertius,
1855 437 1919 490 de

229 531 335 582 quo
374 513 513 566 male
552 512 855 566 existimare
895 511 1281 577 consensimus,
1326 510 1658 578 voluptatem
1696 511 1920 564 inertem

227 587 444 658 probat,
482 587 573 642 sed
612 605 751 656 eam,
791 604 951 656 quam
988 586 1195 639 ratione
1233 584 1400 638 efficit
1436 584 1645 637 firmam
1684 585 1808 654 sibi3
1845 585 1921 638 ita

228 665 282 716 et
325 662 457 716 haec
502 662 621 732 ipsa
665 661 970 731 voluptaria
1016 663 1161 714 secta
1204 659 1261 712 in
1307 661 1430 712 actu
1468 660 1560 712 est.
1639 658 1826 727 quidni
1863 659 1922 712 in

227 740 350 791 actu
382 737 487 791 sit?
550 754 713 806 quom
743 737 857 806 ipse
889 735 1031 789 dicat
1053 734 1319 804 Epicurus
1351 733 1636 801 aliquando
1669 751 1725 787 se
1755 751 1921 788 reces-

228 829 410 865 surum
449 830 481 864 a
517 812 818 880 voluptate,
856 810 1095 863 dolorem
1135 808 1295 860 etiam
1331 807 1714 876 adpetitur-um,
1751 808 1799 860 si
1829 809 1922 860 aut

225 885 492 955 voluptati
541 885 839 938 imminebit
892 882 1218 952 paenitentia
1266 884 1360 933 aut
1405 880 1558 933 dolor
1602 879 1778 933 minor
1822 898 1919 948 pro

227 961 471 1031 graviore
517 957 791 1012 sumetur?
867 974 974 1025 quo
1013 955 1244 1024 pertinet
1280 954 1413 1008 haec
1451 953 1658 1007 dicere?
1732 956 1795 1005 ut
1831 971 1922 1022 ap-

227 1036 412 1103 pareat
460 1030 967 1099 contemplationem
1014 1030 1223 1099 placere
1275 1027 1544 1096 omnibus3
1595 1026 1687 1079 alii
1732 1029 1922 1095 petunt

226 1109 399 1174 illam,
435 1106 590 1158 nobis
628 1105 762 1157 haec
800 1104 984 1172 static,
1019 1121 1131 1156 non
1167 1105 1354 1172 portus
1394 1104 1487 1155 est.

375 1177 519 1233 VIII.
582 1176 750 1231 Adice
795 1196 939 1230 nunc
985 1176 1160 1246 [huc]‚
1208 1177 1351 1245 quod
1397 1194 1425 1229 e
1468 1175 1589 1245 lege
1636 1172 1922 1244 Chrysippi

227 1254 405 1306 vivere
456 1253 629 1306 otioso
677 1252 824 1305 licet:
874 1270 984 1304 non
1022 1251 1166 1318 dico,
1213 1253 1275 1302 ut
1315 1250 1485 1303 otium
1523 1248 1781 1318 patiatur,
1830 1248 1922 1302 sed

227 1330 290 1380 ut
335 1327 511 1398 eligat.
588 1329 788 1397 negant
831 1325 1004 1379 nostri
1043 1324 1335 1394 sapientem
1374 1323 1442 1376 ad
1480 1323 1773 1392 quamlibet
1809 1341 1922 1376 rem

228 1402 499 1472 publicam
549 1419 909 1470 accessurum3
960 1398 1089 1469 quid
1134 1402 1313 1452 autem
1358 1398 1602 1467 interest,
1652 1397 1920 1467 quomodo

229 1476 438 1546 sapiens
488 1476 555 1531 ad
606 1476 775 1530 otium
826 1475 1027 1544 veniat,
1075 1475 1256 1527 utrum
1304 1473 1431 1543 quia
1467 1491 1549 1527 res
1584 1472 1804 1542 publica
1840 1471 1923 1525 illi

228 1551 396 1621 deest,
443 1570 512 1604 an
547 1551 674 1620 quia
711 1551 826 1620 ipse
863 1550 942 1603 rei
980 1548 1246 1619 publicae,
1300 1548 1346 1601 si
1382 1566 1493 1601 non
1530 1547 1704 1600 ubivis
1740 1546 1923 1599 futura

226 1644 309 1679 res
348 1626 563 1695 publica
601 1624 717 1678 est?
785 1643 993 1694 semper
1031 1627 1209 1677 autem
1249 1622 1416 1676 deerit
1451 1621 1726 1675 fastidiose
1765 1638 1922 1689 quae-

226 1700 479 1753 rentibus.
563 1699 860 1768 interrog0‚
910 1698 976 1751 ad
1029 1715 1189 1766 quam
1235 1712 1355 1750 rem
1393 1695 1664 1766 publicam
1711 1694 1920 1762 sapiens

228 1773 299 1827 sit
358 1791 680 1828 accessurus.
773 1771 839 1824 ad
902 1770 1333 1839 Atheniensium,
1394 1771 1452 1822 in
1513 1786 1619 1837 qua
1676 1765 1920 1821 Socrates

228 1846 529 1916 damnatur,
583 1844 926 1913 Aristoteles,
978 1863 1045 1897 ne
1096 1845 1399 1912 damnetur,
1447 1840 1625 1912 fugit?
1709 1840 1767 1894 in
1817 1858 1923 1910 qua

229 1921 487 1990 opprimit
535 1919 737 1973 invidia
785 1917 1048 1972 virtutes?
1133 1917 1354 1987 negabis
1404 1916 1538 1969 mihi
1588 1933 1921 1969 accessurum

227 1995 293 2048 ad
324 1995 462 2049 hanc
491 2013 604 2048 rem
636 1994 907 2063 publicam
939 1992 1245 2060 sapientem.
1307 1990 1374 2043 ad
1405 1988 1921 2074 Carthaginiensium

228 2087 524 2197 3253101021
562 2065 1526 2213 ἕξὲξῗᾜηέῗξὲἰᾝξῖᾶῧῗπζε
1548 2082 1670 2209 Ἓέῗ,
1702 2064 1922 2192 ffl:

374 2273 404 2318 8
435 2274 571 2330 Epic.
594 2274 655 2329 fr.
681 2275 771 2319 442
801 2274 869 2331 (p.
893 2274 998 2326 289,
1020 2273 1097 2328 24)
1134 2270 1206 2316 Us.

1427 2359 1594 2415 quidni
1622 2358 1673 2403 in
1704 2357 1814 2401 actu
1844 2354 1919 2410 sit,

375 2361 405 2406 2
437 2363 642 2407 accessio
674 2363 750 2407 sit.
798 2374 910 2407 sane
935 2361 980 2406 A
1011 2373 1124 2405 corr.
1153 2358 1346 2463 Gertz-cl}
1370 2359 1394 2404 7

230 2434 335 2464 cum
367 2421 528 2465 Maret
564 2422 690 2477 quod
720 2422 770 2466 ni
800 2421 962 2465 inactu
994 2420 1079 2463 est.
1127 2430 1267 2474 quam
1385 2419 1580 2476 quidni?
1625 2431 1730 2461 cum
1762 2415 1921 2459 Haase

230 2493 370 2536 quom
412 2479 547 2524 Gertz
584 2483 767 2538 scripsit
806 2480 823 2541 Η
864 2479 924 2525 14
961 2478 1054 2522 huc
1096 2477 1258 2523 delevit
1290 2478 1450 2524 Haase
1490 2477 1508 2539 ΙΙ
1547 2477 1607 2523 16
1642 2474 1819 2532 negant
1852 2471 1922 2517 A¹

230 2540 364 2597 (gant
403 2539 457 2583 in
497 2553 588 2584 ras.
624 2541 765 2586 multo
807 2541 977 2586 maiore
1017 2539 1071 2582 in
1110 2538 1201 2593 fine
1240 2539 1411 2595 versus)
1456 2538 1473 2597 ΙΙ
1517 2536 1576 2582 19
1615 2533 1921 2589 interpwrwtio

230 2600 415 2644 debetwr
464 2599 727 2657 Madviqio,
781 2614 884 2646 cum
933 2603 1039 2644 ante
1088 2610 1189 2642 eum
1233 2598 1500 2643 scriberetwr
1551 2595 1620 2640 rei
1670 2591 1920 2649 publicae?

232 2658 282 2703 Si
327 2694 336 2703 .
369 2693 379 2703 .
414 2692 423 2702 .
468 2659 540 2702 est
581 2662 783 2715 (semper
825 2695 835 2705 .
870 2694 880 2704 .
915 2693 924 2704 .
970 2656 1341 2714 quaerentibus)2
1399 2657 1640 2711 Interrogo
1690 2651 1696 2712 Ι
1746 2651 1787 2695 si
1827 2664 1921 2695 non

229 2717 384 2762 ubivis
414 2717 575 2761 futura
605 2717 829 2764 Schultess
867 2718 908 2762 si
938 2715 1154 2762 omnibus
1183 2716 1346 2762 futura
1371 2716 1418 2761 A
1457 2714 1496 2759 si
1528 2711 1677 2758 omnis
1709 2711 1794 2768 (vel
1824 2723 1920 2754 om·

231 2777 359 2834 nino)
399 2776 619 2821 defutura
657 2777 792 2823 Gertz
830 2777 1068 2834 (defutura
1092 2777 1136 2834 ς)
1179 2776 1195 2836 ΙΙ
1235 2776 1295 2821 23
1333 2774 1581 2819 damnetur
1617 2771 1751 2816 Gertz
1790 2769 1920 2814 dam-

231 2838 422 2881 naretur
451 2837 498 2882 A
539 2835 555 2896 Η
595 2835 655 2881 26
685 2837 878 2882 accedet
901 2847 929 2881 ς
960 2836 1145 2881 accedit
1168 2837 1214 2881 A
1253 2835 1270 2895 Η
1308 2835 1365 2880 27
1398 2832 1600 2890 quoique
1635 2830 1770 2876 Gertz
1807 2843 1918 2886 quo-

232 2909 322 2951 que
345 2895 415 2941 A¹
447 2896 614 2952 cuique
644 2897 698 2940 in
726 2911 817 2942 ras.
843 2896 912 2941 A⁶

1952 897 1995 929 10

1953 1265 1995 1298 15

1952 2004 1994 2038 25
