2034 3086
533 548 601 608 L.
649 547 969 609 ANNAEl
1019 545 1384 609 SENECAE

230 695 1033 779 DIALOGORVM
1085 695 1451 777 LIBER
1497 695 1692 777 VII.

754 840 827 875 An
851 839 1158 875 eunom-,M

706 944 788 989 DE
820 943 968 989 VITA
998 943 1216 988 BEATA.

259 1170 300 1225 I.
362 1170 582 1240 Vivere,
620 1169 795 1225 Gallio
833 1169 1020 1240 frater,
1060 1187 1245 1225 omnes
1287 1170 1442 1225 beate
1471 1171 1685 1240 volunt,
1725 1170 1818 1224 sed
1851 1184 1875 1224 1

112 1246 180 1299 ad
218 1245 625 1315 pervidendum,
674 1245 804 1314 quid
851 1246 924 1299 sit
962 1245 1106 1315 quod
1144 1235 1356 1299 beatam
1394 1245 1564 1299 vitam
1603 1244 1818 1314 efficiat,

111 1320 369 1390 caligant3
399 1318 638 1387 adeoque
667 1336 781 1372 non
809 1322 891 1373 est
920 1319 1078 1373 facile
1111 1319 1367 1389 consequi
1397 1319 1611 1372 beatam
1634 1318 1817 1388 vitam,

111 1395 174 1446 ut
221 1410 285 1446 eo
336 1392 563 1462 quisque
613 1391 681 1445 ab
732 1411 795 1446 ea
842 1393 1060 1463 longius
1108 1393 1343 1462 recedat,
1397 1410 1503 1461 quo
1554 1391 1622 1445 ad
1667 1392 1818 1446 illam

59 1490 80 1524 ο
111 1466 428 1521 concitatius
467 1465 659 1535 fertur,
706 1466 752 1519 si
790 1466 879 1519 via
914 1467 1098 1536 lapsus
1138 1469 1242 1520 est·
1291 1485 1427 1537 quae
1465 1466 1559 1520 ubi
1597 1466 1656 1519 in
1694 1483 1818 1520 con-

109 1540 334 1595 trarium
383 1540 555 1610 ducit,
602 1540 722 1611 ipsa
772 1540 1029 1594 velocitas
1075 1540 1294 1595 maioris
1339 1540 1609 1594 intervalli
1659 1557 1819 1594 causa

109 1615 186 1670 fit.
262 1581 673 1687 proponen'dum
722 1618 806 1669 est
857 1615 1039 1684 itaque
1084 1615 1342 1685 primum,
1391 1615 1521 1685 quid
1563 1615 1635 1668 sit
1673 1615 1818 1685 quod

110 1691 448 1763 adpetamus3
514 1694 646 1745 tunc
691 1689 1273 1776 circumspiciendum,
1330 1708 1438 1760 qua
1498 1689 1818 1744 contendere

0 1761 2 1848 ᾗ
111 1766 206 1820 illo
245 1767 519 1821 celerrime
557 1766 849 1837 possimus,
895 1763 1220 1818 intellecturi
1256 1763 1315 1818 in
1352 1764 1471 1834 ipso
1512 1764 1723 1835 itinere,
1772 1765 1819 1819 si

38 1861 81 1897 ιο
110 1840 273 1894 modo
310 1844 515 1894 rectum
557 1841 681 1910 erit,
719 1843 980 1925 quantum
1017 1838 1212 1893 cotidie
1242 1838 1562 1911 profligetur
1593 1807 1818 1910 quanto-

112 1931 215 1983 que
263 1915 487 1984 propius
533 1915 600 1969 ab
647 1933 710 1969 eo
750 1915 942 1983 simus,
992 1914 1059 1968 ad
1099 1913 1244 1984 quod
1281 1931 1381 1968 nos
1421 1914 1688 2000 cupiditas
1726 1931 1818 1967 na-

110 1987 300 2041 turalis
353 1989 578 2058 inpellit.
665 2007 828 2060 quam
883 1955 976 2043 di'u
1031 1988 1249 2059 quidem
1302 1989 1505 2060 passim
1559 2006 1820 2060 vagamur
1849 2001 1876 2042 2

110 2079 222 2115 non
258 2061 448 2115 ducem
487 2064 657 2118 secuti
695 2063 787 2117 sed
825 2063 1100 2116 fremitum
1133 2066 1188 2117 et
1218 2064 1508 2117 clamorem
1542 2062 1818 2116 dissonum

111 2136 169 2190 in
229 2134 437 2190 diversa
494 2138 828 2222 vocantium,
890 2140 1197 2191 conteretur
1255 2137 1368 2191 vita
1420 2138 1561 2190 inter
1614 2152 1818 2189 errores

36 2231 80 2266 n
110 2210 311 2279 brevis,
350 2209 512 2263 etiam
552 2211 598 2264 si
629 2212 741 2266 dies
771 2213 1064 2279 noctesque
1094 2211 1267 2264 bonae
1297 2211 1461 2265 menti
1495 2210 1817 2264 laboremus.

111 2283 426 2339 decernatur
470 2283 675 2356 itaque,
723 2288 779 2340 et
816 2302 923 2356 quo
962 2283 1243 2338 tendamus
1282 2287 1506 2355 etqua,
1553 2302 1665 2339 non
1703 2284 1818 2339 sine

111 2360 286 2429 perito
336 2359 541 2428 aliquo,
591 2361 679 2414 cui
729 2360 1006 2430 explorata
1054 2358 1164 2411 sint
1213 2376 1299 2428 ea,
1346 2358 1406 2413 in
1453 2376 1590 2429 quae
1635 2377 1818 2430 proce·

112 2432 313 2502 dimus,
350 2432 604 2503 quoniam
643 2434 861 2504 quidem
892 2450 1003 2487 non
1033 2430 1215 2486 eadem
1248 2431 1339 2488 hic
1370 2451 1508 2504 quae
1538 2434 1597 2488 in
1628 2433 1816 2488 ceteris

111 2506 630 2579 peregrinationibus
677 2508 922 2563 condicio
962 2509 1065 2561 est.
1112 2506 1169 2559 in
1207 2505 1316 2563 illis
1354 2525 1683 2580 conprensus
1723 2506 1816 2560 ali-

37 2602 83 2637 20
114 2581 234 2650 quis
278 2582 433 2637 limes
471 2584 526 2636 et
562 2580 880 2656 interrogati
918 2581 1123 2637 incolae
1161 2599 1272 2636 non
1308 2583 1589 2653 patiuntur
1627 2599 1817 2652 errare,

112 2726 397 2894 mi?
408 2788 427 2849 ,.
400 2727 523 2835 (1
536 2729 873 2847 322,sssz
890 2700 1009 2836 ετξ,
1023 2732 1259 2848 cvm
1276 2727 1819 2847 mmm

114 2861 147 2904 1)

1367 2937 1452 2980 18·
