2034 3086
97 1431 118 1469 1

155 13 230 70 34
496 10 547 55 L.
573 10 812 55 ANNAEI
842 10 1116 58 SENECAE
1147 12 1306 59 DIAL.
1330 13 1443 58 LIB.
1466 13 1524 59 H.

154 135 215 188 in
267 149 324 186 se
378 148 493 186 esse
544 150 645 186 nec
697 131 925 186 fiduciae
972 134 1205 188 ostendit
1250 135 1344 206 qui
1383 137 1710 191 contumelia
1747 140 1860 192 affi-

156 208 319 276 citur;
367 224 479 260 non
525 205 684 260 dubie
729 207 872 260 enim
919 211 1288 279 contemptum
1327 228 1383 264 00
1420 210 1645 280 iudicat,
1683 214 1736 265 et
1772 212 1862 267 hic

155 298 369 336 morsus
398 299 512 334 non
542 281 656 334 sine
681 281 911 351 quadam
934 282 1239 338 humilitate
1263 284 1431 338 animi
1454 285 1631 338 evenit
1654 288 1862 356 suppri-

156 355 352 410 mentis
392 373 447 409 se
487 373 550 410 ac
588 355 967 411 descendentis.
1023 358 1236 428 sapiens
1274 362 1456 413 autem
1487 378 1520 412 a
1548 360 1699 414 nullo
1740 379 1863 415 con-

154 430 437 500 temnitur,
489 422 916 503 magnitudinem
963 450 1116 487 suam
1162 434 1316 487 novit
1360 433 1604 503 nullique
1649 438 1861 489 tantum
1916 453 1935 486 5

157 506 222 560 de
277 523 332 560 00
384 505 544 561 110010
597 507 871 561 renuntiat
924 507 1028 561 sibi
1074 510 1126 561 et
1174 509 1349 562 omnis
1395 507 1518 578 has,
1572 526 1702 579 quas
1751 529 1863 564 11011

155 581 396 636 miserias
443 582 748 635 animorum
794 581 888 635 sed
934 582 1209 636 molestias
1248 583 1499 653 dixerim,
1546 602 1657 638 non
1693 585 1863 640 vincit

156 657 248 711 sed
285 675 353 711 ne
384 657 549 710 sentit
580 655 811 725 quidem.
867 655 975 708 alia
996 659 1124 709 sunt
1155 673 1290 725 quae
1322 659 1618 727 sapientem
1648 659 1863 729 feriunt,

155 733 317 786 etiam
341 731 389 784 si
410 749 523 784 non
546 731 876 799 pervertunt,
897 732 960 782 ut
982 729 1139 783 dolor
1161 732 1403 801 corporis
1427 735 1480 785 et
1504 732 1749 788 debilitas
1770 740 1863 789 aut

155 807 450 860 amicorum
504 804 906 874 liberorumque
959 805 1178 858 amissio
1233 808 1287 859 et
1338 807 1544 876 patriae
1589 807 1732 861 bello
1771 809 1862 862 fla-

154 880 361 953 grantis
416 878 717 932 calamitas:
768 877 902 933 haec
953 897 1065 933 non
1110 897 1250 952 nego
1298 882 1494 935 sentire
1545 883 1863 953 sapientem3

153 972 254 1008 nec
292 953 436 1006 em'm
473 952 669 1022 lapidis
708 953 791 1006 illi
829 953 1084 1008 duritiam
1123 955 1317 1009 ferrive
1349 956 1668 1012 adserimus,
1712 958 1864 1011 nulla

154 1029 326 1082 virtus
367 1029 471 1095 est,
511 1045 645 1097 quae
682 1046 794 1082 non
833 1029 1029 1083 sentiat
1060 1046 1116 1082 se
1147 1031 1368 1100 perpeti.
1424 1032 1554 1101 quid
1586 1050 1713 1103 ergo
1746 1033 1863 1086 est?

156 1102 416 1173 quosdam
447 1102 585 1156 ictus
624 1103 842 1173 recipit,
881 1102 974 1156 sed
1019 1106 1262 1171 receptos
1302 1105 1499 1158 evincit
1530 1109 1584 1158 et
1621 1110 1773 1160 sanat
1811 1111 1864 1161 et

155 1177 485 1247 comprimit,
523 1176 656 1231 haec
678 1195 806 1230 vero
846 1177 1058 1229 minora
1093 1195 1161 1230 ne
1201 1178 1364 1230 sentit
1395 1179 1612 1247 quidem
1646 1198 1746 1234 1100
1776 1181 1864 1234 ad-

154 1269 337 1305 versus
385 1271 447 1306 ea
493 1252 655 1305 solita
692 1251 788 1304 illa
825 1251 1025 1305 virtute
1063 1251 1236 1304 utitur
1274 1252 1408 1305 dura
1444 1253 1734 1324 tolerandi,
1772 1256 1863 1307 sed

155 1330 248 1380 aut
284 1345 396 1380 non
434 1327 656 1380 adnotat
695 1329 789 1379 aut
827 1325 991 1398 digna
1029 1327 1143 1380 risu
1184 1330 1353 1397 putat.

302 1415 380 1470 XI
434 1415 715 1469 Praeterea
737 1433 861 1470 oum
885 1434 1138 1488 magnam
1168 1419 1376 1487 partem
1415 1419 1862 1473 contumeliarum

154 1492 372 1562 superbi
410 1491 809 1560 insolentesque
847 1491 1049 1544 faciant
1086 1494 1140 1544 et
1171 1492 1310 1546 male
1348 1492 1661 1546 felicitatem
1693 1494 1862 1548 feren-

153 1570 251 1634 tes,
279 1565 443 1619 habet
475 1583 583 1635 quo
616 1566 782 1619 istum
807 1565 1058 1619 affectum
1082 1565 1331 1619 inflatum
1354 1570 1588 1636 respuat,
1618 1568 1862 1636 pulcher-

154 1641 346 1693 rimam
370 1641 626 1694 virtutem
659 1641 903 1693 omnium
935 1638 1170 1710 [animi],
1199 1641 1723 1711 magnanimitatem:
1753 1642 1863 1709 illa,

156 1715 412 1785 quicquid
466 1714 731 1768 eiusmodi
785 1717 888 1784 est,
947 1715 1268 1768 transcurrit
1327 1717 1390 1768 ut
1440 1732 1605 1768 vanas
1660 1716 1862 1784 species

155 1790 488 1843 somniorum
512 1790 766 1859 visusque
804 1792 1099 1847 nocturnos
1138 1788 1278 1842 nihil
1314 1788 1561 1842 habentis
1597 1789 1756 1842 solidi
1788 1794 1863 1843 at·

156 1881 258 1932 que
296 1864 422 1917 veri.
508 1864 673 1917 simul
724 1863 861 1917 illud
907 1864 1112 1935 cogitat
1166 1882 1352 1918 omnes
1402 1863 1680 1917 inferiores
1734 1882 1863 1934 esse,

157 1955 318 2006 quam
370 1941 433 1991 ut
486 1939 596 1991 illis
643 1938 867 1991 audacia
913 1939 984 1991 sit
1035 1941 1188 1992 tanto
1235 1938 1529 1992 excelsiora
1578 1938 1846 2009 despicere

156 2013 482 2066 contumelia
512 2032 545 2065 a
575 2015 890 2082 contemptu
917 2012 1061 2066 dicta
1091 2016 1187 2081 est,
1212 2013 1340 2081 quia
1368 2030 1526 2065 nemo
1564 2013 1671 2066 nisi
1703 2032 1862 2083 quem

156 2088 480 2156 contempsit
540 2086 639 2140 tali
691 2087 889 2139 iniuria
931 2089 1109 2156 notat3
1161 2104 1321 2139 nemo
1375 2089 1553 2140 autem
1604 2089 1861 2141 maiorem

155 2161 539 2230 melioremque
586 2161 906 2230 contemnit,
958 2162 1120 2214 etiam
1168 2161 1215 2214 si
1260 2160 1391 2214 facit
1435 2161 1662 2231 aliquid,
1718 2162 1862 2230 quod

157 2239 558 2290 contemnentes
605 2235 792 2289 solent.
870 2254 996 2288 nam
1047 2238 1100 2289 et
1146 2235 1300 2305 pueri
1348 2253 1407 2288 os
1446 2237 1751 2305 parentium
1790 2236 1862 2288 fe-

157 2310 303 2362 riunt
356 2313 410 2363 et
455 2309 627 2364 crines
674 2310 861 2363 matris
906 2310 1145 2363 turbavit
1188 2309 1547 2380 laceravitque
1594 2310 1770 2362 infans
1811 2313 1863 2362 et

308 2469 339 2514 4
377 2471 726 2528 contempnitur
755 2472 803 2521 A
843 2471 860 2532 ΙΙ
901 2470 932 2515 0
970 2471 1213 2516 renuntiat
1242 2480 1271 2515 ς
1301 2471 1491 2517 nuntiat
1524 2472 1571 2517 A
1614 2470 1743 2526 (dial.
1782 2470 1866 2515 Xl

158 2535 200 2586 6,
220 2534 260 2575 1.
295 2529 470 2574 Vahlen
493 2531 651 2576 Herm.
677 2531 841 2577 XVII
855 2533 963 2589 272)
994 2531 1011 2592 ΙΙ
1040 2531 1070 2577 8
1094 2530 1286 2588 quidem
1308 2546 1343 2577 s.
1361 2547 1401 2577 v.
1419 2531 1525 2577 aad.
1545 2529 1617 2575 A²
1637 2529 1654 2589 ΙΙ
1685 2529 1742 2574 12
1765 2530 1860 2585 illis

157 2591 203 2637 A
239 2589 245 2650 Ι
290 2588 551 2634 adserimus
575 2590 645 2634 A¹
675 2604 788 2636 corr.
814 2592 868 2635 in
898 2604 993 2635 ass·
1023 2591 1130 2647 fort.
1156 2605 1213 2634 m.
1237 2593 1270 2635 2
1307 2590 1324 2651 Η
1365 2591 1424 2636 13
1462 2589 1638 2635 sentias
1676 2590 1860 2647 perpeti

157 2651 272 2708 voly.
304 2648 321 2709 Η
350 2647 411 2693 20
442 2647 585 2692 10111111
614 2650 714 2694 sine
744 2650 884 2695 dubio
907 2650 995 2706 A¹;
1023 2664 1169 2708 supra
1196 2651 1371 2696 litteras
1390 2649 1613 2696 evanidas
1634 2650 1704 2694 A⁶
1725 2650 1860 2694 illum

158 2711 344 2766 scripsit
395 2708 400 2768 Ι
440 2707 498 2752 21
540 2707 687 2751 animi
726 2710 828 2765 (aut
858 2709 1045 2767 animis)
1084 2711 1138 2754 in
1165 2710 1256 2765 fine
1285 2724 1442 2756 versus
1464 2708 1547 2764 A¹,
1579 2710 1699 2766 quod
1728 2711 1862 2754 uncis

159 2770 350 2814 inclusit
426 2781 561 2822 aase;
590 2768 644 2811 in
674 2782 815 2826 marq.
841 2768 912 2814 A⁸
937 2775 1035 2815 octo
1067 2770 1168 2826 (aut
1195 2773 1379 2826 septem)
1411 2770 1497 2814 litt.
1523 2769 1627 2814 add.
1653 2775 1707 2814 ut
1734 2770 1860 2826 fieret

162 2828 517 2873 animisanitate
547 2826 563 2886 ΙΙ
593 2825 654 2871 26
684 2829 924 2874 contemtu
947 2830 994 2874 A
1022 2828 1040 2888 ΙΙ
1069 2827 1128 2873 27
1161 2828 1410 2873 contemsit
1432 2828 1478 2873 A

1895 827 1938 859 10

1897 1197 1937 1229 15
2012 1223 2013 1226 ,

1893 1585 1937 1616 20

1893 1956 1935 1988 25

1894 2325 1935 2358 30
