2028 3106
268 78 352 123 AD
384 73 708 120 PAVLINVM
738 74 820 119 DE
852 71 1203 119 BREVITATE
1226 70 1414 117 VITAE
1447 70 1575 116 CAP.
1604 76 1658 117 16
1728 73 1838 128 303

134 205 347 269 tempus
398 196 639 268 aliquod:
688 196 793 251 hoc
838 194 1206 251 recordatione
1243 192 1603 263 comprendit3
1652 192 1839 247 instat:
1932 196 1940 269 ³3

135 278 239 329 hoc
275 272 468 342 utitur3
518 274 804 326 venturum
850 274 952 326 est:
996 270 1102 324 hoc
1147 268 1422 339 praecipit.
1499 269 1720 338 longam
1758 267 1840 320 illi
1937 281 1941 338 j

135 350 303 402 vitam
340 347 474 402 facit
514 346 756 401 omnium
794 350 1099 417 temporum
1138 344 1196 398 in
1233 362 1401 398 unum
1439 342 1688 397 conlatio.
1936 343 1941 370 ³

284 436 429 492 XVI.
497 435 722 490 Illorum
774 436 1090 490 brevissima
1142 450 1205 488 ac
1257 433 1643 488 sollicitissima
1695 433 1839 485 aetas

136 515 238 581 est,
300 514 393 582 qui
444 510 854 582 praeteritorum
905 509 1335 578 obliviscuntur,.
1368 507 1670 578 praesentia
1721 523 1842 560 nec·

134 588 345 659 legunt,
392 587 456 640 de
503 586 686 639 futuro
728 585 943 639 timent:
993 601 1117 639 cum
1167 582 1236 636 ad
1284 585 1522 637 extrema
1566 583 1842 651 venerunt,

137 680 254 717 sero
294 662 616 731 intellegunt
654 660 859 730 miseri,
904 664 1016 714 tam
1056 658 1149 712 diu
1192 676 1271 726 se,
1316 656 1444 712 dum
1482 657 1621 711 nihil
1658 658 1841 728 agunt,

136 740 424 808 occupatos
475 735 654 788 fuisse.
738 753 839 789 nec
888 738 990 805 est,
1037 731 1183 804 quod
1220 731 1326 786 hoc
1364 734 1681 804 argumento
1721 748 1843 801 pro-

134 812 251 867 bari
300 814 456 882 putes
505 810 727 880 longam
777 810 900 864 illos
951 827 1107 881 agere
1155 807 1348 876 vitam,
1398 807 1526 877 quia
1574 807 1844 861 interdum

136 890 366 942 mortem
415 886 691 939 invocant:
746 888 905 939 vexat
950 885 1072 938 iHos
1116 881 1461 953 inprudentia
1499 881 1716 936 incertis
1755 880 1844 935 ad-

136 962 363 1016 fectibus
396 964 451 1014 et
477 960 872 1014 incurrentibus
896 961 954 1013 in
977 960 1116 1030 ipsa,
1148 975 1285 1028 quae
1315 960 1586 1026 metuunt;
1616 958 1844 1010 mortem

137 1054 293 1107 saepe
347 1035 467 1090 ideo
523 1037 736 1105 optant,
788 1036 916 1105 quia
964 1035 1170 1088 timent.
1258 1031 1395 1086 illud
1435 1050 1650 1102 quoque
1689 1048 1844 1102 argu-

136 1114 377 1165 mentum
438 1128 551 1163 non
604 1113 687 1164 est
741 1110 886 1179 quod
945 1113 1102 1180 putes
1164 1107 1258 1161 diu
1317 1107 1637 1176 viventium,
1700 1104 1845 1175 quod

139 1204 295 1256 saepe
334 1185 442 1239 illis
481 1185 677 1256 longus
717 1185 931 1239 videtur
968 1184 1103 1253 dies,
1143 1182 1310 1253 quod,
1350 1182 1477 1236 dum
1509 1181 1691 1235 veniat
1721 1198 1845 1235 con-

137 1262 339 1315 dictum
376 1264 591 1330 tempus
630 1278 812 1330 cenae,
850 1258 1000 1314 tarde
1039 1259 1116 1312 ire
1155 1258 1314 1311 horas
1354 1260 1674 1328 queruntur3
1718 1273 1845 1309 nam

138 1337 183 1390 si
223 1334 436 1405 quando
469 1335 593 1388 illos
626 1334 975 1389 deseruerunt
1005 1333 1408 1403 occupationes,
1439 1332 1497 1386 in
1528 1331 1640 1386 otio
1671 1330 1846 1384 relicti

138 1413 407 1479 aestuant,
466 1427 567 1464 nec
622 1410 892 1480 quomodo
955 1409 1005 1462 id
1074 1408 1364 1479 disponant
1416 1410 1511 1461 aut
1560 1406 1847 1487 gxsstsshanss

138 1485 327 1540 sciunt.
413 1485 595 1554 itaque
645 1485 713 1538 ad
764 1484 1172 1555 occupationem
1222 1482 1458 1553 aliquam
1511 1481 1741 1536 tendunt
1794 1483 1847 1535 et

140 1561 285 1632 quod
331 1560 611 1615 interiacet
657 1578 814 1614 omne
852 1563 1065 1630 tempus
1105 1576 1267 1630 grave
1305 1560 1410 1628 est,
1454 1560 1567 1612 tam
1606 1574 1692 1611 me
1729 1555 1847 1610 her·

140 1637 307 1706 cules,
358 1654 521 1706 quam
568 1653 693 1690 cum
732 1635 844 1689 dies
885 1634 1120 1689 muneris
1160 1632 1468 1705 gladiatorii
1506 1632 1711 1687 edictus
1752 1634 1848 1700 est,

140 1715 235 1767 aut
271 1730 394 1766 cum
433 1711 659 1765 alicuius
699 1711 920 1765 alterius
963 1710 1050 1764 vel
1096 1708 1389 1779 spectaculi
1426 1708 1515 1762 vel
1550 1706 1847 1777 voluptatis

139 1790 451 1858 expectatur
500 1786 877 1855 constitutum,
927 1784 1197 1839 transilire
1243 1783 1447 1838 medios
1492 1783 1603 1836 dies
1642 1782 1847 1836 volunt.

141 1862 316 1916 omnis
377 1861 485 1915 illis
548 1863 790 1931 speratae
848 1861 926 1914 rei
979 1861 1143 1931 longa
1197 1858 1384 1912 dilatio
1440 1860 1543 1912 est:
1604 1860 1660 1910 at
1714 1855 1850 1910 illud
1879 1869 1908 1909 4

140 1941 378 2007 tempus,
416 1935 562 2006 quod
601 1939 806 2005 amant,
843 1936 1004 1990 breve
1042 1938 1125 1989 est
1154 1936 1209 1988 et
1238 1951 1492 2004 praeceps
1526 1931 1849 2003 breviusque

141 2012 312 2067 multo
353 2029 450 2066 suo
488 2012 549 2080 fit
586 2011 744 2081 viti03
794 2011 1010 2065 aliunde
1056 2009 1199 2064 enim
1242 2008 1349 2063 alio
1387 2007 1758 2079 transfugiunt
1795 2010 1850 2062 et

288 2175 320 2221 8
351 2175 542 2221 collatio
566 2185 595 2220 ς
625 2180 669 2221 et
698 2175 813 2234 0019.
847 2173 1110 2220 conlocatio
1141 2173 1188 2218 A
1224 2171 1243 2233 ΙΙ
1284 2171 1341 2218 11
1374 2184 1496 2230 quae
1526 2185 1642 2219 corr.
1667 2185 1725 2218 ex
1755 2183 1850 2230 qua

141 2236 249 2293 fort.
273 2235 344 2283 A'
371 2237 390 2296 ss
419 2235 478 2282 18
507 2234 723 2295 putessllll
752 2236 799 2281 A
831 2235 924 2292 Cin
952 2235 1044 2292 fine
1073 2246 1229 2280 versus
1257 2233 1422 2279 vocula
1451 2232 1635 2290 aliqua,
1666 2245 1767 2277 esse
1798 2236 1851 2278 ut

142 2296 252 2352 m'd„
297 2310 433 2344 erasa
476 2301 566 2351 απ
610 2295 690 2342 sed
730 2295 947 2341 inca-tior
988 2299 1074 2350 est,
1120 2307 1259 2351 quam
1299 2297 1354 2339 ut
1393 2294 1591 2350 recipere
1632 2291 1850 2338 audeam'

146 2355 300 2413 Gertz)
330 2357 348 2416 11
378 2355 438 2402 14
459 2355 620 2402 veniat
643 2354 914 2400 condictum
939 2354 1099 2400 eret
1129 2352 1293 2399 ueniat
1315 2351 1617 2398 acondictum
1641 2350 1711 2399 A²
1733 2365 1848 2399 corr.

142 2415 301 2462 eadem
330 2431 389 2462 m.
420 2417 474 2462 in
503 2415 701 2461 ueniant
732 2414 1067 2460 adcondictum
1103 2413 1134 2519 'i
1158 2412 1218 2459 15
1247 2412 1384 2459 tarde
1415 2412 1484 2458 ire
1515 2426 1621 2458 oras
1645 2412 1692 2459 A
1723 2411 1851 2471 (tard

143 2475 197 2520 in
225 2489 316 2522 ras.
348 2476 456 2531 fort.
487 2490 546 2522 m.
577 2477 624 2534 3)
665 2475 683 2535 ΙΙ
723 2474 780 2521 17
814 2476 899 2519 aut
927 2474 1042 2533 vola.
1077 2488 1110 2518 u
1164 2473 1210 2519 A
1253 2474 1258 2532 Ι
1306 2474 1523 2519 exterant
1561 2474 1632 2519 W.
1659 2472 1852 2528 Gemoll,

142 2534 223 2581 ned
251 2541 367 2582 recte
400 2535 538 2582 Gertz
566 2549 667 2594 cap.
692 2538 736 2591 9,
754 2539 780 2581 1
811 2535 1007 2581 contudit
1033 2534 1051 2594 ΙΙ
1081 2532 1140 2579 19
1170 2532 1298 2592 quod
1326 2547 1442 2581 corr.
1466 2534 1519 2579 in
1541 2533 1588 2579 A
1618 2547 1676 2579 m.
1700 2546 1851 2579 recen-

144 2610 235 2656 tior
263 2624 320 2656 ex
349 2624 442 2668 quo
476 2611 482 2670 ι
518 2598 707 2656 iatine&
731 2609 801 2657 A⁶
831 2598 895 2668 (ti
918 2610 971 2655 in
992 2610 1105 2667 ms.)
1133 2608 1151 2669 ιι
1179 2607 1239 2654 22
1269 2608 1507 2656 transilire
1529 2607 1600 2655 „1⁶
1627 2607 1645 2668 Η
1674 2606 1734 2653 28
1765 2608 1849 2653 est.

145 2670 211 2715 At
231 2669 351 2715 illud
374 2672 583 2730 tempus,
607 2670 733 2729 quod
758 2671 922 2716 amant
945 2669 1106 2716 Muret
1135 2670 1219 2715 est.
1265 2668 1450 2715 adillud
1479 2670 1679 2726 tempus.
1725 2667 1852 2726 quod

145 2730 329 2776 amanti
352 2731 398 2776 A
429 2733 513 2777 ent.
561 2732 627 2778 At
651 2766 662 2779 .
689 2765 700 2776 .
726 2765 737 2778 .
762 2730 994 2776 damnant
1017 2729 1217 2789 Madviq
1252 2729 1258 2790 Ι
1305 2728 1366 2775 25
1395 2729 1451 2775 fit
1481 2729 1711 2776 Erasmus
1741 2728 1850 2774 add.

145 2795 253 2836 ante
289 2803 397 2847 nuo,
431 2791 724 2849 probabilius
759 2790 1027 2849 Wesenberq
1063 2794 1171 2836 ante
1207 2789 1254 2835 vi
1280 2789 1350 2846 '03
1390 2789 1510 2836 idem
1546 2794 1699 2836 tamen
1735 2788 1851 2834 vitio

146 2849 447 2907 <saciunt>
463 2851 604 2897 scribi
626 2851 796 2898 mavolt
818 2864 901 2896 mo
925 2852 1034 2896 voto
1052 2850 1186 2896 Koch
1209 2851 1262 2895 at
1283 2849 1404 2896 mad
1426 2851 1586 2908 temp„
1612 2863 1656 2907 q.
1674 2850 1851 2905 amant,

147 2907 247 2955 leve
279 2911 351 2956 est
380 2924 420 2958 e.
445 2925 491 2969 p.
516 2909 584 2957 br.
609 2909 740 2959 nullo
768 2924 853 2958 mo
876 2910 991 2957 vitio
1015 2909 1243 2958 Schulteoe
