2028 3106
250 110 360 165 300
592 109 642 153 L.
667 109 905 154 ANNAEI
936 110 1210 156 SENECAE
1242 111 1400 156 DIAL.
1425 112 1536 159 LIB.
1561 111 1616 158 X

170 232 173 234 ’
232 226 380 285 Ι511111
424 230 715 285 mendaciis
763 234 858 285 aut
903 232 1135 286 similia}>
1211 252 1337 287 nam
1376 238 1438 288 ut
1476 235 1735 290 concedas
1776 237 1956 290 omnia

251 323 342 359 eos
396 298 502 359 fide
556 296 702 359 bona
754 306 952 375 dicere,
1005 310 1067 360 ut
1120 307 1187 360 ad
1241 310 1656 394 praestationem
1704 311 1957 380 scribant,

249 383 431 433 tamen
481 380 632 434 cuius
679 381 784 434 ista
830 399 1033 435 errores
1081 382 1362 436 minuent?
1437 402 1588 438 cuius
1635 385 1954 454 cupiditates

248 455 530 524 prement?
623 473 783 525 quem
845 455 1149 526 fortiorem,
1203 476 1363 528 quem
1425 459 1726 527 iustiorem,
1796 479 1955 530 quem

248 530 609 584 liberaliorem
677 529 912 584 facient?
988 530 1232 586 dubitare
1294 551 1350 587 se
1410 534 1626 596 interim
1685 532 1954 589 Fabianus

247 607 432 658 noster
478 605 677 674 aiebat,
723 624 793 658 an
839 605 1006 660 satius
1054 610 1193 660 esset
1239 608 1403 661 nullis
1451 609 1642 662 studiis
1682 608 1955 664 admoveri

249 697 411 749 quam
450 681 534 734 his
572 645 834 750 inplicari.

398 769 543 824 XIV.
600 768 716 824 Soli
786 770 1027 824 omnium
1097 770 1258 825 otiosi
1320 774 1447 825 sunt
1509 772 1602 841 qui
1664 773 1955 843 sapientiae

248 848 465 915 vacant,
515 845 619 899 soli
667 845 880 915 111-11111,
930 863 1028 899 1100
1078 846 1222 899 enim
1273 864 1426 900 suam
1475 850 1688 901 tantum
1728 851 1955 902 aetatem

247 920 383 973 bene
421 923 664 974 tuentur:
704 938 862 972 omne
901 938 1093 974 aevum
1134 939 1231 975 suo
1273 922 1534 992 adiciunt3
1574 923 1836 995 quidquid
1868 942 1956 977 an-

247 1005 442 1048 norum
482 998 606 1048 ante
644 995 767 1047 illos
808 997 988 1048 actum
1028 999 1131 1065 est,
1171 996 1278 1050 illis
1319 996 1648 1065 adquisitum
1681 1002 1775 1052 est.
1852 999 1957 1052 nisi

246 1069 599 1140 ingratissimi
634 1086 819 1122 sumus
828 1110 843 1138 ,
888 1069 970 1123 illi
1008 1071 1292 1125 clarissimi
1330 1089 1601 1125 sacrarum
1642 1073 1956 1142 opinionum

248 1143 552 1197 conditores
584 1143 741 1196 nobis
773 1144 890 1197 nati
921 1148 1071 1214 sunt,
1099 1145 1258 1199 nobis
1289 1145 1457 1199 vitam
1489 1151 1955 1216 praeparaverunt.

247 1218 314 1271 ad
353 1235 437 1271 res
477 1218 866 1287 pulcherrimas
900 1238 966 1271 ex
995 1220 1231 1273 1011011115
1264 1220 1332 1274 3(1
1360 1221 1537 1275 11100111
1570 1224 1747 1274 erutas
1780 1222 1954 1276 alieno

244 1293 428 1346 labore
468 1292 804 1377 deducimur3
842 1294 993 1347 nullo
1033 1294 1190 1348 nobis
1230 1296 1443 1349 saeculo
1483 1296 1827 1349 interdictum
1860 1300 1955 1365 est,

245 1367 304 1420 in
350 1367 531 1421 omnia
576 1367 914 1421 admittimur
952 1372 1030 1438 et,
1075 1370 1121 1423 si
1160 1370 1532 1442 magnitudine
1572 1371 1738 1424 animi
1776 1339 1957 1443 egredi

244 1441 512 1496 humanae
574 1443 941 1498 inbecillitatis
996 1445 1272 1517 angustias
1325 1446 1483 1516 libet,
1542 1447 1800 1516 multum,
1861 1465 1958 1516 per

240 1517 392 1588 ‘quod
433 1518 747 1589 spatiemur,
786 1520 1045 1588 temporis
1085 1523 1179 1573 est.
1258 1520 1531 1590 disputare
1571 1533 1695 1575 cum
1736 1519 1956 1575 Socrate

244 1593 394 1662 licet,
444 1593 690 1647 dubitare
730 1611 853 1647 cum
895 1593 1184 1649 Carneade.
1226 1612 1349 1648 cum
1389 1595 1627 1666 Epicuro
1670 1596 1957 1666 quiescere,

244 1667 479 1720 hominis
518 1671 765 1721 naturam
806 1686 929 1722 cum
963 1667 1158 1723 Stoicis
1190 1669 1428 1739 vincere,
1466 1689 1590 1724 cum
1623 1669 1836 1741 Cynicis
1869 1690 1955 1724 ex-

246 1742 446 1795 cedere.
524 1760 646 1795 cum
696 1761 877 1796 rerum
921 1746 1116 1797 natura
1154 1745 1212 1797 in
1251 1745 1582 1799 consortium
1618 1763 1797 1799 omms
1837 1745 1955 1798 aevi

244 1816 482 1886 patiatur
511 1817 780 1888 incedere,
820 1817 1007 1887 quidni
1038 1819 1105 1872 ab
1138 1818 1244 1873 hoc
1276 1820 1471 1892 exiguo
1505 1824 1559 1873 et
1590 1821 1790 1873 caduco
1822 1822 1953 1873 tem-

244 1891 390 1962 poris
430 1892 662 1946 transitu
700 1893 758 1946 in
796 1893 891 1946 illa
928 1896 1046 1947 toto
1084 1911 1184 1947 nos
1225 1894 1411 1948 demus
1451 1913 1629 1948 ammo
1638 1937 1652 1964 ,
1701 1912 1836 1963 quae
1874 1893 1953 1947 in-

243 1983 453 2035 mensa,
503 1985 638 2036 quae
677 1971 893 2022 aeterna
932 1972 1079 2038 sunt,
1121 1986 1255 2038 quae
1296 1987 1419 2023 cum
1459 1968 1771 2023 melioribus
1812 1986 1952 2023 com-

244 2040 463 2095 munia?
523 2042 637 2111 isti,
678 2043 772 2112 qui
802 2062 899 2112 per
930 2044 1111 2098 officia
1141 2043 1467 2113 discursant,
1498 2043 1591 2114 qui
1622 2061 1678 2097 se
1710 2043 1952 2114 aliosque

242 2116 569 2186 inquietant,
607 2135 730 2171 cum
769 2117 905 2171 110110
943 2118 1279 2188 insanierint,
1320 2136 1443 2173 cum
1484 2118 1726 2173 omnium
1763 2119 1952 2173 limina

243 2191 440 2245 cotidie
478 2192 969 2262 perambulaverint
1002 2211 1103 2248 nec
1132 2194 1271 2247 ullas
1303 2197 1515 2264 apertas
1546 2193 1689 2248 fores
1720 2197 1950 2263 praeter-

242 2265 424 2334 ierint,
472 2284 595 2320 cum
642 2285 739 2337 per
784 2267 1172 2322 diversissimas
1212 2268 1401 2322 domos
1442 2269 1773 2323 meritoriam
1813 2269 1950 2322 salu-

242 2339 502 2393 tationem
542 2342 992 2427 circumtulerint,
1043 2346 1271 2412 quotum
1311 2361 1578 2413 quemque
1618 2362 1684 2396 ex
1718 2347 1832 2396 tam
1872 2342 1950 2394 in-

242 2488 456 2543 videre?
535 2508 696 2559 quam
735 2491 896 2545 multi
934 2495 1114 2562 erunt,
1163 2510 1394 2562 quorum
1433 2493 1557 2546 illos
1596 2494 1690 2545 aut
1729 2508 1948 2545 somnus

390 2635 421 2681 3
453 2634 585 2680 cuius
617 2641 725 2682 ante
757 2637 1044 2695 cupiditates
1074 2652 1109 2684 ε.
1134 2653 1176 2684 v.
1201 2639 1307 2684 add.
1334 2638 1404 2683 Λ8
1430 2638 1447 2698 ΙΙ
1481 2637 1541 2683 13
1569 2637 1722 2683 uitam
1746 2638 1794 2684 A
1823 2638 1948 2683 viam

243 2697 436 2754 Lipsius
473 2700 659 2753 praeter
701 2699 1012 2744 necessitatem
1055 2697 1072 2757 Η
1117 2697 1178 2743 15
1219 2697 1406 2768 nobissss
1435 2697 1574 2757 Α’(Ῥ)
1616 2697 1790 2744 nobilis
1827 2696 1897 2742 Αι
1932 2697 1950 2757 ΙΙ

242 2755 302 2801 20
332 2755 576 2810 excedere,
609 2768 716 2799 cum
749 2790 760 2800 .
786 2792 796 2803 .
823 2793 833 2803 .
864 2758 1096 2803 incedere
1153 2757 1329 2812 Quidni
1365 2758 1510 2815 vola„-
1538 2759 1801 2816 intevanet
1799 2759 1948 2803 ionem

242 2816 498 2862 emendavit
520 2791 719 2873 Madvig
739 2814 755 2875 ΙΙ
783 2815 842 2861 21
869 2831 976 2862 cum
1000 2820 1202 2875 <nos>
1226 2831 1382 2862 rerum
1409 2817 1572 2878 Gertz!
1519 2817 1673 2923 ελ824
1695 2818 1854 2877 eterne
1878 2816 1949 2862 Αι

243 2889 358 2921 corr.
374 2874 446 2921 A’
465 2875 482 2935 ΙΙ
503 2875 563 2921 28
586 2875 876 2920 meritoriam
892 2877 963 2922 ΑΙ
984 2878 1063 2923 sed
1084 2879 1296 2923 ultimam
1319 2878 1519 2923 litteram
1635 2878 1948 2935 fortpwnetis

242 2936 419 2981 notavit
446 2934 462 2994 Η
491 2935 552 2978 30
581 2934 698 2979 urbe
721 2935 767 2980 A
798 2934 940 2980 turba
968 2937 1105 2982 Gertz
1134 2937 1151 2997 ΙΙ
1180 2936 1238 2982 81
1271 2936 1425 2982 uideri
1448 2936 1518 2982 A²
1547 2951 1660 2983 corr.
1686 2936 1823 2994 A⁶(‘?)

1988 941 2028 974 10

1988 1313 2028 1347 15

1984 2058 2027 2093 25

1982 2431 2024 2465 30
