2028 3106
119 907 162 940 10

120 1279 163 1313 15

385 81 470 127 AD
501 79 819 126 POLYBIVM
850 81 932 126 DE
965 77 1429 128 CONSOLATIONE
1464 76 1591 124 CAP.
1619 85 1656 125 3.
1684 86 1711 125 4
1793 83 1902 137 315

197 204 440 274 potentia
487 220 697 256 summa
743 207 1057 258 conservata
1094 200 1439 269 abstinentia,
1488 201 1627 253 nihil
1666 203 1902 256 sincerus

197 282 251 332 et
301 282 484 349 tutus-
506 277 807 330 litterarum
862 297 1035 348 amor,
1087 277 1227 331 nihil
1280 276 1345 330 ab
1394 276 1543 328 omni
1586 276 1707 329 labe
1753 295 1903 331 mens

196 352 429 407 vacans?
501 352 655 422 luget
693 349 978 421 Polybius,
1016 355 1071 406 et
1108 353 1167 405 in
1203 369 1312 405 uno
1350 349 1514 403 fratre
1555 350 1686 419 quid
1726 350 1790 404 de
1828 370 1905 404 re-

194 427 360 497 liquis
399 425 572 496 possit
609 428 847 479 metuere
887 426 1193 480 admonitus
1233 425 1395 479 etiam
1436 423 1500 477 de
1540 425 1671 494 ipsis
1704 425 1904 479 doloris

197 503 281 556 sui
321 500 535 555 solaciis
574 500 742 553 timet.
821 500 1030 555 facinus
1071 500 1378 572 indignum!
1453 499 1607 570 luget
1645 497 1903 569 Polybius

196 580 249 629 et
311 574 516 644 aliquid
577 575 816 644 propitio
873 576 1020 629 dolet
1075 573 1319 629 Caesare!
1394 573 1500 627 hoc
1555 574 1669 627 sine
1725 574 1905 643 dubio,

195 651 463 719 impotens
524 648 764 718 fortuna,
835 651 1086 720 captasti,
1146 652 1209 703 ut
1270 648 1575 703 ostenderes
1636 650 1906 702 neminem

196 726 383 779 contra
419 726 474 776 te
511 741 580 776 ne
621 742 652 776 a
692 722 914 778 Caesare
955 725 1174 794 quidem
1212 741 1370 794 posse
1411 722 1662 777 defendi?

343 810 437 866 IV.
500 811 638 884 [23]
677 812 899 867 Diutius
932 832 1181 868 accusare
1211 814 1324 867 fata
1354 830 1666 883 possumne,
1699 817 1906 867 mutare

193 906 304 942 non
350 905 660 958 possumus:
712 892 857 942 stant
904 889 1036 942 dura
1083 891 1138 942 et
1183 887 1559 958 inexorabilia3
1608 907 1766 943 nemo
1814 889 1907 941 illa

194 963 463 1031 convici0,
512 981 672 1016 nemo
724 963 878 1031 fietu,
927 981 1087 1017 nemo
1140 980 1299 1017 causa
1349 966 1554 1032 movet3
1604 963 1743 1016 nihil
1793 982 1906 1017 um-

195 1055 357 1108 quam
407 1038 509 1091 ulh‘
558 1042 788 1107 parcunt
832 1057 932 1093 nec
977 1039 1274 1092 remittunt.
1351 1038 1577 1107 proinde
1625 1056 1906 1107 parcamus

193 1113 430 1167 lacrimis
476 1111 618 1166 nihil
664 1113 1095 1183 proficientibus;
1140 1112 1353 1167 facilius
1401 1112 1544 1166 enim
1582 1130 1682 1166 nos
1722 1113 1906 1166 inferis

195 1188 351 1242 dolor
389 1188 490 1241 iste
529 1187 725 1241 adiciet
766 1206 926 1258 quam
967 1188 1091 1241 illos
1130 1187 1286 1241 nobis
1325 1186 1564 1241 reducet:
1606 1188 1699 1257 qui
1732 1188 1777 1240 si
1807 1206 1907 1240 nos

193 1265 435 1333 torquet,
486 1280 599 1316 non
653 1262 895 1331 adiuvat,
948 1263 1125 1332 primo
1181 1279 1397 1332 quoque
1450 1264 1693 1331 tempore
1749 1262 1908 1332 depo-

194 1337 402 1391 nendus
450 1340 532 1391 est
579 1340 633 1391 et
679 1337 746 1391 ab
794 1338 1042 1391 inanibus
1090 1337 1305 1392 solaciis
1353 1339 1514 1407 atque
1561 1355 1743 1390 amara
1782 1355 1908 1407 qua-

195 1412 319 1466 dam
378 1412 606 1466 libidine
667 1411 884 1466 dolendi
946 1413 1157 1466 animus
1217 1411 1556 1482 recipiendus
1611 1415 1706 1466 est.
1782 1430 1908 1465 nam

193 1487 432 1542 lacrimis
478 1487 679 1541 nostris
726 1487 832 1540 nisi
878 1488 1016 1541 ratio
1065 1487 1228 1541 finem
1274 1487 1486 1556 fecerit,
1533 1486 1753 1540 fortuna
1797 1505 1910 1540 non

194 1561 370 1616 faciet.
450 1562 625 1616 omnis
695 1562 925 1634 agedum
995 1562 1239 1616 mortalis
1308 1562 1681 1632 circumspice,
1758 1562 1910 1633 larga

195 1636 396 1707 ubique
446 1636 610 1691 flendi
658 1640 712 1691 et
758 1636 980 1690 adsidua
1028 1637 1251 1691 materia
1297 1640 1398 1691 est:
1450 1637 1617 1691 alium
1664 1637 1731 1690 ad
1778 1637 1909 1691 coti·

196 1711 414 1765 dianum
469 1729 605 1782 opus
654 1712 926 1766 laboriosa
976 1715 1185 1783 egestas
1236 1715 1417 1781 vocat,
1467 1712 1633 1766 alium
1684 1711 1908 1765 ambitio

194 1803 492 1856 numquam
543 1786 725 1856 quieta
772 1787 1053 1855 sollicitat,
1103 1786 1240 1840 alius
1287 1786 1527 1856 divitias,
1578 1805 1710 1857 quas
1760 1789 1910 1856 opta-

195 1863 368 1930 verat,
430 1861 624 1915 metuit
684 1864 737 1915 et
799 1864 927 1915 voto
988 1861 1199 1914 laborat
1260 1879 1357 1916 suo
1366 1902 1382 1931 ‚
1442 1861 1608 1915 alium
1671 1860 1907 1915 solitudo

198 1935 389 2006 [alium
434 1934 611 2006 labor]
658 1939 899 2005 torquet,
946 1936 1112 1989 alium
1153 1954 1363 2006 semper
1399 1936 1730 1991 vestibulum
1770 1936 1909 1991 obsi-

198 2011 328 2065 dens
366 2011 547 2080 turba3
585 2011 676 2066 hic
715 2011 911 2065 habere
944 2028 1000 2065 se
1033 2010 1180 2065 dolet
1209 2011 1430 2082 liberos,
1468 2011 1559 2066 hic
1591 2011 1908 2082 perdidisse:

346 2187 377 2233 2
406 2189 538 2233 tutus
576 2188 615 2235 0
651 2188 773 2246 quod
804 2188 1155 2246 reate-defendit
1187 2187 1371 2235 Gronov
1409 2191 1553 2247 putus
1586 2190 1749 2235 Muret
1781 2191 1908 2235 totus
1997 2190 2009 2214 ¹

199 2249 427 2295 Schultess
454 2249 470 2307 ΙΙ
500 2247 531 2293 8
559 2249 674 2305 quid
703 2248 746 2293 G
777 2237 1039 2293 Pincianus
1069 2248 1295 2306 quicquid
1323 2249 1362 2295 Ο
1389 2249 1407 2308 ΙΙ
1437 2249 1496 2294 12
1525 2249 1614 2294 ulli
1636 2252 1840 2307 parcunt
1863 2250 1910 2294 Β

198 2310 402 2365 parcunt
430 2307 518 2352 ulli
547 2309 586 2355 C
623 2310 640 2367 Η
682 2307 740 2352 13
779 2307 941 2353 inferis
977 2310 1168 2365 scripsi,
1198 2309 1319 2366 quod
1350 2308 1623 2355 Schultessio
1654 2323 1827 2366 quoque
1857 2311 1911 2354 in

199 2374 389 2414 mentem
419 2369 566 2424 venit,
594 2369 677 2425 qui
706 2372 858 2413 tamen
897 2366 1018 2412 fletis
1115 2368 1279 2414 (retulit
1315 2367 1410 2413 illis
1443 2369 1590 2415 GGV
1613 2368 1718 2413 illos
1751 2369 1801 2414 D
1837 2367 1910 2413 illi

198 2428 272 2472 vol
302 2463 311 2472 .
351 2429 368 2486 Η
410 2426 469 2473 14
500 2427 634 2472 dolor
664 2428 754 2472 iste
787 2427 958 2473 BEH
991 2427 1052 2471 do
1073 2441 1126 2472 or
1148 2428 1199 2473 D
1232 2426 1365 2473 dolor
1395 2428 1477 2472 isti
1508 2428 1550 2474 G
1588 2436 1591 2486 ;
1628 2441 1770 2485 quam
1802 2427 1909 2473 illos

199 2442 308 2532 B}
335 2492 381 2546 (o
413 2490 465 2533 in
497 2489 607 2545 ras.)
639 2488 695 2533 H
703 2487 801 2532 GV
825 2500 967 2544 quam
999 2486 1107 2532 illas
1140 2487 1190 2532 D
1228 2500 1371 2545 quam
1403 2487 1538 2532 illum
1570 2489 1683 2547 voly.
1718 2487 1910 2534 addicet

200 2560 343 2603 quam
377 2548 572 2593 amissos
597 2548 754 2606 Pauly
789 2549 794 2602 Ι
830 2546 964 2591 nobis
991 2548 1048 2593 H
1072 2552 1124 2592 ut
1146 2547 1260 2606 υοῑρ.
1295 2560 1324 2591 a
1348 2546 1483 2593 nobis
1510 2548 1601 2595 OG
1634 2547 1696 2593 ad
1720 2562 1804 2593 nos
1828 2549 1867 2594 V
1899 2549 1904 2607 Ι

199 2606 395 2652 reducet
426 2608 465 2654 G
503 2607 730 2653 reducent
759 2607 810 2652 D
848 2607 864 2666 ΙΙ
905 2606 965 2651 16
1003 2606 1211 2664 quadam
1249 2605 1449 2653 libidine
1482 2608 1521 2654 0
1557 2608 1764 2666 quamde,
1799 2607 1909 2653 libi-

201 2666 311 2712 dine
334 2667 381 2712 Β
411 2669 428 2725 Η
459 2667 515 2713 17
540 2669 612 2713 est
634 2681 718 2713 om.
743 2666 856 2725 voly.
886 2667 902 2726 ΙΙ
934 2665 991 2711 19
1015 2666 1133 2711 omis
1159 2666 1396 2724 agendum
1419 2667 1642 2713 mortales
1666 2669 1713 2713 Β
1744 2681 1910 2724 quam-

199 2726 274 2771 uis
307 2726 543 2786 agendum
576 2727 638 2772 sit
668 2726 890 2772 mortales
916 2726 1006 2773 OG
1044 2728 1060 2786 Η
1097 2725 1158 2772 28
1188 2725 1393 2772 solitudo
1428 2726 1595 2788 [alium
1626 2726 1781 2789 labor]
1814 2729 1908 2774 tor-

202 2788 335 2844 quet,
380 2787 524 2832 alium
563 2788 729 2845 Haupt
776 2786 1043 2833 sollicitudo
1088 2786 1233 2832 alium
1277 2786 1413 2833 labor
1453 2789 1643 2846 torquet
1682 2788 1828 2834 alium
1872 2788 1910 2835 0

202 2846 428 2902 solitudo,
462 2848 608 2893 alium
639 2846 772 2892 favor
802 2849 991 2904 torquet
1023 2861 1079 2892 ac
1112 2847 1249 2894 Gertz
1288 2847 1514 2905 solitudo,
1552 2847 1699 2894 alium
1731 2848 1909 2895 clamor

202 2909 411 2965 torquet,
446 2907 591 2953 alium
617 2907 844 2954 Schultess
