2028 3106
51 887 94 920 10

47 1258 89 1291 15

37 3030 173 3106 JK

299 76 383 120 AD
417 73 739 120 PAVLINVM
769 72 852 118 DE
883 72 1232 118 BREVITATE
1257 71 1444 117 VITAE
1477 72 1603 119 CAP.
1631 78 1657 118 3
1718 75 1830 131 283

127 200 389 268 quantum
447 214 722 250 servorum
780 195 1055 264 coercitio,
1113 198 1373 265 quantum
1432 194 1676 248 officiosa
1734 214 1831 266 per

126 273 317 326 urbem
357 271 699 340 discursati03
744 269 895 324 adice
933 270 1173 339 morbos,
1210 287 1346 339 quos
1386 288 1550 323 manu
1588 270 1828 340 fecimus,
1883 312 1893 332 2

126 346 277 399 adice
331 349 386 399 et
439 345 584 414 quod
637 345 753 398 sine
802 362 904 398 usu
954 343 1141 398 iacuit:
1190 344 1397 398 videbis
1448 347 1501 397 te
1552 344 1829 413 pauciores

126 439 295 473 annos
348 420 543 474 habere
582 437 742 489 quam
780 436 1047 472 numeras.
1122 421 1300 487 repete
1339 419 1599 471 memoria
1636 421 1830 488 tecum,

127 494 340 564 quando
388 498 564 548 certus
610 493 823 548 consilii
873 492 1060 562 fueris,
1108 493 1578 563 quotusquisque
1618 492 1731 546 dies
1770 496 1831 546 ut

126 569 486 623 destinaveras
540 568 882 639 processerit,
937 567 1151 636 quando
1205 567 1305 620 tibi
1359 585 1487 621 usus
1533 567 1616 620 tui
1654 567 1831 637 fuerit,

126 643 340 712 quando
380 644 438 697 in
475 646 621 696 statu
652 661 750 696 suo
782 643 987 710 voltus,
1026 641 1240 711 quando
1272 642 1482 695 animus
1513 641 1831 711 intrepidus,

126 718 255 786 quid
302 718 404 771 tibi
454 718 512 770 in
559 720 671 770 tam
720 717 887 788 longo
941 734 1073 769 aevo
1122 715 1252 769 facti
1302 716 1476 785 operis
1524 716 1616 785 sit,
1668 733 1830 786 quam

124 792 284 846 multi
336 792 504 844 vitam
558 794 708 845 tuam
758 789 1079 860 diripuerint
1127 793 1180 844 te
1229 808 1341 843 non
1390 790 1648 845 sentiente
1699 790 1830 861 quid

123 866 394 937 perderes,
446 869 708 935 quantum
755 883 923 919 vanus
964 865 1141 935 dolor,
1191 865 1357 918 stulta
1392 865 1621 935 laetitia,
1673 865 1833 919 avida

123 941 419 1011 cupiditas,
447 941 645 995 blanda
674 940 1009 995 conversatio
1043 940 1348 1010 abstulerit,
1380 958 1541 1009 quam
1574 941 1829 1012 exiguum

123 1016 223 1069 tibi
263 1016 328 1069 de
359 1019 454 1070 tuo
485 1016 733 1070 relictum
767 1016 859 1070 sit:
897 1015 1178 1087 intelleges
1209 1018 1262 1068 te
1294 1015 1624 1068 inmaturum
1656 1014 1830 1069 mori.’

123 1090 253 1160 quid
313 1109 441 1162 ergo
504 1094 587 1144 est
647 1091 705 1143 in
765 1090 961 1144 causa?
1051 1094 1309 1159 tanquam
1371 1107 1581 1160 semper
1633 1090 1830 1145 victuri

121 1165 326 1234 vivitis,
363 1183 662 1234 numquam
701 1164 858 1218 vobis
889 1164 1154 1235 fragilitas
1186 1168 1365 1218 vestra
1395 1165 1682 1234 succurrit,
1717 1183 1830 1219 non

122 1239 443 1308 observatis,
490 1244 753 1309 quantum
792 1239 901 1292 iam
939 1239 1199 1309 temporis
1237 1238 1532 1308 transierit3
1578 1240 1726 1293 velut
1763 1258 1829 1293 ex

1863 323 1891 475 J
1913 341 1976 396 Ὑί.

120 1315 281 1400 pleno
333 1317 388 1368 et
422 1314 717 1368 abundanti
756 1313 1003 1384 perditis,
1054 1331 1178 1368 cum
1217 1312 1432 1366 interim
1470 1313 1699 1368 fortasse
1736 1314 1830 1369 ille
1905 1337 1907 1342 ⁴

119 1390 236 1459 ipse
268 1389 363 1459 qui
393 1388 597 1473 aliquoi
627 1389 714 1442 vel
742 1388 952 1443 homini
982 1389 1069 1442 vel
1098 1387 1176 1442 rei
1207 1388 1440 1441 donatur
1469 1387 1581 1442 dies
1605 1387 1828 1443 ultimus

120 1464 203 1517 sit.
266 1464 448 1517 omnia
485 1466 762 1548 tamquam
793 1463 1046 1517 mortales
1077 1462 1304 1531 timetis,
1340 1463 1522 1516 omnia
1550 1466 1828 1533 tamquam

119 1538 451 1591 immortales
509 1537 906 1623 concupiscitis
995 1537 1178 1591 audies
1232 1537 1518 1607 plerosque
1568 1537 1828 1592 dicentes.

120 1612 177 1666 a
214 1612 662 1684 quinquagesimo
694 1630 836 1666 anno
868 1612 926 1665 in
957 1611 1128 1665 otium
1161 1611 1426 1681 secedam,
1464 1612 1828 1684 sexagesimus

118 1705 204 1741 me
272 1705 445 1741 annus
515 1687 582 1741 ab
645 1687 841 1741 officiis
905 1686 1175 1740 dimittet?
1272 1689 1327 1740 et
1387 1704 1548 1756 quem
1609 1687 1828 1741 tandem

116 1761 380 1833 longioris
403 1761 544 1816 vitae
568 1762 821 1832 praedem
844 1761 1080 1832 accipis?
1143 1760 1264 1831 quis
1295 1761 1400 1816 ista
1422 1761 1563 1815 sicut
1586 1761 1828 1832 disponis

118 1836 196 1891 ire
243 1836 516 1907 patietur?
590 1855 703 1891 non
747 1836 916 1907 pudet
959 1839 1015 1891 te
1052 1835 1306 1906 reliquias
1343 1836 1487 1890 vitae
1525 1836 1626 1890 tibi
1664 1854 1829 1891 reser-

117 1929 242 1966 vare
281 1915 336 1966 et
373 1912 428 1965 id
467 1912 644 1966 solum
683 1915 897 1983 tempus
935 1911 1109 1965 bonae
1147 1911 1316 1966 menti
1354 1910 1643 1981 destinare,
1681 1911 1829 1982 quod

117 1986 175 2041 in
212 1986 419 2041 nullam
458 2005 571 2041 rem
612 1986 844 2042 conferri
882 1986 1096 2057 possit?
1158 2004 1320 2057 quam
1359 2003 1537 2040 serum
1577 1989 1659 2041 est
1696 1988 1828 2042 tunc

116 2062 296 2116 vivere
335 2061 593 2133 incipere,
630 2080 753 2117 cum
787 2061 1136 2116 desinendum
1169 2061 1287 2116 est?
1349 2079 1485 2131 quae
1515 2064 1627 2115 tam
1659 2062 1828 2116 stulta

117 2136 460 2191 mortalitatis
493 2137 694 2191 oblivio
726 2137 784 2191 in
815 2136 1324 2209 quinquagesimum
1355 2140 1409 2190 et
1432 2137 1826 2208 sexagesimum

116 2229 317 2266 annum
341 2210 552 2266 differre
576 2230 706 2266 sana
729 2211 955 2267 consilia
977 2214 1032 2266 et
1054 2211 1178 2266 inde
1201 2212 1339 2266 velle
1362 2211 1530 2266 vitam
1557 2211 1826 2282 inchoare,
1890 2281 1908 2293 ἡ

118 2303 225 2355 quo
263 2287 424 2384 pauci
460 2286 860 2357 perduxerunt?

117 2430 223 2462 reus
246 2427 275 2462 ς
305 2431 378 2463 res
409 2418 676 2487 Schultess!
671 2419 688 2478 ΙΙ
724 2418 755 2464 8
786 2418 922 2464 adice
954 2420 1003 2464 et
1034 2418 1160 2476 quod
1190 2418 1349 2465 Haase
1380 2418 1515 2464 adice
1549 2419 1674 2477 quod
1707 2420 1755 2464 et
1778 2420 1824 2465 A

119 2475 212 2521 adi.
261 2477 385 2535 quod
418 2477 520 2523 eius
547 2478 683 2525 Gertz
715 2478 808 2524 adi.
850 2478 976 2536 quod
1002 2478 1106 2524 aevi
1129 2478 1356 2525 Schultess
1379 2479 1482 2536 (cfr.
1499 2479 1612 2525 dial.
1631 2480 1713 2525 IX
1732 2482 1778 2535 2,
1794 2482 1825 2525 6

115 2550 160 2593 p
185 2539 292 2593 217,
313 2541 582 2593 28et248,
608 2542 652 2597 1)
684 2539 773 2598 lte
804 2538 1492 2598 voly.&A115q.uotuscorr
1518 2538 1825 2585 excotusA'

117 2596 282 2642 deinde
305 2598 374 2643 A‘
402 2599 419 2657 ΙΙ
447 2598 479 2643 G
508 2599 789 2656 processerit
818 2599 955 2644 Gertz
986 2598 1230 2645 recesserit
1253 2599 1298 2645 A
1315 2599 1346 2669 ,ΙΙ
1377 2598 1436 2644 12
1466 2599 1557 2644 tibi
1585 2614 1619 2645 s.
1645 2614 1685 2645 v.
1711 2599 1821 2645 add.

117 2657 188 2701 A'
200 2659 275 2713 (ΌΙ
311 2656 368 2702 16
382 2613 582 2715 perdiptis
598 2660 644 2704 A
668 2658 927 2764 inffinditis
945 2659 1113 2704 Koch
1100 2658 1353 2716 impertitis
1372 2659 1599 2705 Schultess
1620 2659 1637 2719 Η
1660 2659 1716 2704 17
1735 2658 1823 2704 ali-

117 2716 230 2773 quoi
301 2722 391 2763 ertz
421 2718 581 2776 aliquo
601 2718 671 2765 A¹
789 2718 926 2764 uiA⁶
947 2719 964 2777 ΙΙ
995 2718 1053 2764 18
1077 2718 1139 2763 sit
1161 2720 1207 2765 A
1238 2719 1322 2776 cfr.
1348 2719 1461 2765 dial.
1487 2720 1570 2765 IV
1590 2722 1667 2776 27,
1687 2722 1720 2764 2
1750 2720 1823 2764 est

128 2776 430 2847 Ψωοηζκνρ’
467 2778 541 2823 De
570 2779 719 2824 verbis
749 2779 907 2824 omnia
931 2780 1172 2835 tamquam
1202 2793 1263 2823 m.
1280 2780 1316 2824 t.
1340 2780 1442 2825 vide
1465 2793 1580 2838 quae
1602 2779 1822 2825 dixerunt

120 2835 257 2881 Gertz
285 2837 338 2882 in
359 2837 464 2883 edit.
490 2843 532 2883 et
556 2838 658 2884 Joh.
679 2839 857 2885 Malles·
877 2839 930 2883 in
952 2840 1067 2884 actis
1089 2839 1222 2884 acad.
1247 2839 1435 2885 Vindob.
1455 2839 1685 2886 CXVIII
1703 2842 1823 2885 1889

112 2908 158 2952 p.
175 2898 238 2941 20
257 2895 275 2954 ΙΙ
296 2895 356 2942 lo
379 2898 718 2955 concupiscetis
734 2899 780 2944 A
804 2912 919 2945 corr
943 2899 1096 2958 1:019.ss
1117 2898 1177 2944 22
1196 2904 1302 2957 post
1325 2898 1448 2944 sicut
1474 2899 1609 2945 Gertz
1632 2900 1686 2944 tu
1710 2899 1808 2944 add

1080 3015 1124 3035 I!

681 3042 694 3055 Ι

272 3048 405 3106 „4qu
457 3087 499 3106 ι,-
560 3050 713 3106 ssrss
775 3088 779 3101 ι
879 3093 886 3104 ,
