2028 3106
193 97 303 149 270
521 94 571 138 L.
597 93 834 137 ANNAEI
870 91 1142 137 SENECAE
1170 94 1329 139 DIAL.
1354 95 1466 140 LIB.
1490 95 1567 140 IX.

339 211 485 266 XIH.
547 213 669 267 Hoc
701 217 942 267 secutum
973 217 1105 284 puto
1130 213 1501 269 Democritum
1533 218 1610 269 ita
1633 218 1893 286 coepisse:

192 287 310 357 equi
356 288 647 355 tranquille
692 289 839 342 volet
883 289 1084 357 vivere,
1131 306 1231 342 nec
1268 290 1522 357 privatim
1560 294 1685 362 agat
1723 293 1893 344 multa

187 379 287 415 nec
335 361 550 431 publice
562 361 593 431 ',
642 363 710 415 ad
755 380 1086 432 supervacua
1130 362 1337 416 scilicet
1380 364 1718 418 referentem:
1767 383 1892 418 nam

189 435 236 488 si
272 436 572 489 necessaria
610 439 756 505 sunt,
804 440 859 490 et
895 437 1149 506 privatim
1188 440 1242 490 et
1279 436 1494 506 publice
1532 458 1643 492 non
1680 443 1891 493 tantum

188 510 360 562 multa
399 510 490 563 sed
528 511 939 564 innumerabilia
977 512 1183 582 agenda
1215 514 1362 579 sunt3
1400 511 1494 564 ubi
1524 531 1650 567 vero
1681 515 1892 568 nullum
1947 529 1966 562 ⁵

129 599 156 637 2
188 583 428 637 officium
467 585 727 639 sollemne
764 603 864 638 nos
904 585 1056 655 citat,
1095 585 1415 639 inhibendae
1453 586 1705 642 actiones
1766 608 1892 643 nam

188 659 281 728 qui
330 660 503 713 multa
553 661 687 731 agit,
741 678 898 729 saepe
947 627 1197 714 fortunae
1245 662 1566 745 potestatem
1618 664 1702 715 sui
1746 663 1892 734 facit,

187 751 348 803 quam
401 735 732 788 tutissimum
785 737 868 786 est
919 752 1040 787 raro
1091 735 1344 805 experiri,
1397 737 1632 788 ceterum
1683 755 1894 808 semper

185 808 250 861 de
300 809 396 862 illa
446 809 684 893 cogitare
730 811 784 861 et
827 807 968 861 nihil
1013 808 1118 861 sibi
1157 810 1221 863 de
1260 810 1365 863 fide
1404 809 1517 862 eius
1557 811 1891 877 promittere:

186 882 501 966 ‘navigab0,
537 883 644 935 nisi
683 882 729 936 si
769 882 899 951 quid
937 883 1212 936 inciderit'
1244 887 1299 938 et
1330 884 1570 953 praetor
1598 884 1749 953 fiam,
1785 887 1891 939 nisi
1925 904 1967 935 ιο

184 957 230 1009 si
271 958 402 1026 quid
441 955 737 1010 obstiterit'
776 959 830 1008 et
861 955 1186 1026 ‘negotiatio
1219 958 1354 1011 mihi
1383 957 1747 1027 respondebit,
1786 960 1891 1012 nisi

126 1046 151 1085 3
184 1031 231 1083 si
286 1031 416 1100 quid
469 1029 855 1083 intervenerit’.
939 1029 1046 1083 hoc
1103 1034 1186 1084 est
1243 1050 1406 1100 quare
1465 1031 1693 1101 sapienti
1754 1033 1891 1085 nihil

184 1108 372 1158 contra
411 1105 719 1188 opinionem
760 1104 999 1158 dicamus
1039 1105 1299 1159 accidere:
1338 1126 1449 1160 non
1486 1107 1641 1159 illum
1681 1107 1890 1159 casibus

181 1178 465 1231 hominum
505 1180 842 1247 excerpimus
883 1179 976 1232 sed
1015 1180 1308 1248 erroribus,
1351 1199 1452 1235 nec
1491 1182 1572 1234 illi
1612 1180 1793 1234 omnia
1829 1184 1891 1233 ut

182 1252 357 1305 voluit
407 1252 623 1321 cedunt,
675 1253 766 1306 sed
812 1256 875 1306 ut
912 1255 1195 1324 cogitavit3
1243 1254 1490 1323 inprimis
1530 1258 1708 1308 autem
1748 1255 1890 1325 cogi·
1923 1272 1964 1304 15

182 1326 319 1378 tavit
368 1326 574 1396 aliquid
623 1345 781 1396 posse
830 1329 1124 1398 propositis
1177 1329 1286 1381 suis
1337 1330 1597 1383 resistere.
1674 1346 1888 1383 necesse

182 1403 264 1453 est
294 1404 475 1454 autem
505 1401 677 1455 levius
709 1403 777 1455 ad
809 1403 1049 1455 animum
1073 1403 1351 1473 pervenire
1376 1403 1663 1457 destitutae
1687 1403 1888 1473 cupidi-

180 1475 308 1528 tatis
348 1475 611 1546 dolorem,
652 1476 739 1530 cui
779 1494 1082 1530 successum
1120 1495 1232 1530 non
1269 1477 1457 1547 utique
1495 1479 1820 1547 promiseris.

329 1563 475 1618 XIV.
536 1564 744 1619 Faciles
784 1565 945 1617 etiam
976 1582 1075 1617 nos
1106 1565 1281 1618 facere
1313 1566 1589 1635 debemus,
1628 1585 1696 1619 ne
1727 1565 1887 1619 nimis

179 1639 459 1692 destinatis
498 1639 656 1691 rebus
695 1638 1092 1708 indulgeamus,
1131 1641 1573 1708 transeamusque
1612 1640 1670 1692 in
1708 1658 1794 1708 ea,
1831 1640 1887 1692 in
1919 1656 1964 1689 20

181 1731 317 1781 quae
355 1730 455 1765 nos
496 1729 650 1766 casus
691 1711 997 1780 deduxerit,
1033 1729 1132 1764 nec
1170 1714 1524 1766 mutationem
1564 1716 1657 1765 aut
1695 1713 1886 1766 consili

180 1789 273 1838 aut
304 1788 475 1839 status
507 1785 972 1855 pertimescamus,
1010 1785 1300 1838 dummodo
1331 1804 1431 1839 nos
1462 1787 1677 1855 levitas,
1711 1787 1886 1839 inimi-

180 1860 454 1913 cissimum
487 1860 656 1929 quieti
686 1860 904 1929 vitium,
933 1879 1045 1913 non
1068 1859 1312 1929 excipiat.
1367 1879 1493 1913 nam
1517 1863 1571 1914 et
1593 1860 1886 1930 pertinacia

178 1951 392 1988 necesse
432 1937 514 1987 est
553 1934 712 1987 anxia
750 1938 804 1987 et
842 1935 1037 1988 misera
1075 1934 1166 2002 sit,
1215 1934 1302 1988 cui
1340 1934 1558 1988 fortuna
1597 1953 1753 2005 saepe
1792 1936 1885 1988 ali-

180 2009 310 2078 quid
361 2011 665 2077 extorquet,
713 2011 767 2061 et
814 2009 1006 2063 levitas
1053 2010 1226 2062 multo
1268 2010 1484 2080 gravior
1521 2028 1788 2079 nusquam
1830 2029 1884 2064 se
1917 2027 1959 2060 25

179 2083 475 2136 continens.
566 2085 856 2151 utrumque
913 2084 1170 2137 infestum
1229 2087 1310 2137 est
1367 2085 1775 2154 tranquillitati,
1832 2088 1885 2138 et

118 2178 143 2210 t.
177 2157 316 2210 nihil
361 2160 570 2211 mutare
619 2174 778 2226 posse
829 2159 883 2209 et
930 2159 1068 2211 nihil
1116 2159 1246 2227 pati.
1322 2157 1509 2228 utique
1560 2160 1770 2212 animus
1818 2159 1883 2211 ab

180 2232 427 2285 omnibus
478 2231 710 2286 externis
761 2231 818 2282 in
868 2248 924 2283 se
973 2232 1303 2286 revocandus
1343 2235 1445 2286 est:
1494 2233 1594 2287 sibi
1634 2233 1882 2299 confidat,

179 2323 235 2357 se
282 2307 537 2375 gaudeat,
583 2324 680 2360 sua
718 2304 1000 2374 suspiciat,
1044 2305 1259 2360 recedat
1297 2309 1558 2376 quantum
1596 2310 1776 2376 potest
1814 2305 1880 2357 ab

179 2379 365 2432 alienis
413 2383 468 2433 et
515 2398 570 2434 se
618 2380 720 2433 sibi
766 2379 1022 2449 adplicet,
1070 2381 1264 2433 damna
1301 2398 1413 2433 ιιοιι
1451 2382 1669 2451 sentiat,
1720 2379 1879 2433 etiam
1914 2395 1959 2427 30

178 2452 399 2506 adversa
420 2454 651 2526 benigne
675 2455 1066 2524 interpretetur.
1120 2454 1368 2507 nuntiato
1392 2454 1673 2526 naufragio
1698 2453 1880 2506 Zenon

329 2613 355 2658 1
389 2614 646 2659 Democriti
673 2615 734 2669 fr.
760 2618 789 2660 3
812 2616 947 2661 Diels
977 2616 1080 2671 (163
1103 2615 1235 2673 Nat)
1266 2615 1347 2670 cfr.
1374 2614 1486 2658 dial.
1515 2616 1559 2660 V
1581 2618 1624 2670 6,
1649 2617 1678 2658 3

327 2718 354 2762 1
388 2717 596 2775 coepisse
627 2719 741 2762 vol.
774 2719 954 2776 cepisse
976 2719 1024 2763 A
1054 2719 1349 2776 praecepisse
1374 2718 1506 2762 Koch
1542 2718 1559 2777 Η
1604 2718 1628 2762 7
1661 2716 1877 2762 fortunae

176 2778 290 2835 voly.
322 2776 514 2823 fortuna
545 2777 592 2822 A
628 2775 645 2836 ΙΙ
718 2776 743 2822 1
774 2778 1086 2823 mutationem
1119 2779 1317 2836 Madviy
1345 2777 1606 2822 mutatione
1639 2777 1686 2820 A
1722 2775 1726 2834 Ι
1769 2789 1877 2822 con-

177 2836 272 2941 ῖιὲιηι
301 2835 649 2941 Zsslyirffffffia
679 2837 726 2882 A
767 2836 784 2896 ΙΙ
824 2836 882 2882 27
922 2839 970 2882 et
1008 2836 1127 2881 nihil
1167 2837 1585 2894 <immutatum>
1618 2835 1720 2891 pati
1759 2838 1875 2882 coni.
