2028 3106
192 380 214 419 1

246 82 358 136 306
586 78 635 122 L.
663 77 901 122 ANNAEI
931 75 1205 122 SENECAE
1238 77 1395 124 DIAL.
1421 79 1533 125 LIB.
1559 79 1614 124 X.

248 198 625 255 sollicitudinis
680 217 894 267 causae3
947 216 1044 267 per
1097 202 1472 267 occupationes
1523 200 1635 254 vita
1688 201 1952 255 trudetur:

250 275 423 328 otium
448 292 756 343 numquam
796 275 1005 343 agetur,
1046 290 1257 341 semper
1296 274 1580 342 optabitur.

399 360 596 416 XVIII.
635 362 880 430 Excerpe
911 361 1092 431 itaque
1119 363 1174 413 te
1196 361 1382 431 volg0,
1414 361 1635 418 Pauline
1667 364 1955 433 carissime,

250 439 304 491 et
358 437 416 489 in
466 436 897 507 tranquilliorem
950 439 1169 505 portum
1222 452 1335 488 non
1387 454 1484 504 pro
1539 439 1726 492 aetatis
1778 439 1953 508 spatio

250 511 477 566 iactatus
523 512 741 566 tandem
787 508 985 563 recede.
1063 509 1267 581 cogita,
1306 512 1439 579 quot
1480 511 1673 566 fluctus
1714 514 1957 582 subieris,

253 589 386 655 quot
434 588 780 672 tempestates
830 584 1028 654 partim
1077 585 1336 668 privatas·
1368 584 1705 656 sustinueris,
1756 588 1956 657 partim

250 661 493 731 publicas
544 662 603 715 in
651 663 706 714 te
757 662 1104 730 converteris3
1152 659 1282 713 satis
1322 658 1428 711 iam
1467 676 1564 727 per
1598 660 1866 717 laboriosa
1903 666 1957 717 et

249 736 491 821 inquieta
529 735 852 789 documenta
890 733 1128 787 exhibita
1164 734 1338 787 virtus
1378 735 1480 786 est.
1527 735 1787 805 experire,
1828 738 1957 822 quid

249 811 307 864 in
361 810 471 864 otio
526 810 704 863 faciat.
792 807 964 861 maior
1011 827 1133 878 pars
1184 807 1399 876 aetatiS,
1459 810 1601 861 certe
1646 810 1836 863 melior
1880 813 1958 866 rei

251 885 500 954 publicae
535 884 661 936 data
700 882 792 935 sit.
831 882 1034 951 aliquid
1063 883 1324 952 temporis
1356 881 1440 934 tui
1470 899 1620 935 sume
1652 883 1813 936 etiam
1843 887 1957 939 tibi.

249 976 350 1012 nec
398 961 452 1011 te
499 957 567 1010 ad
614 974 832 1040 segnem
879 960 971 1010 aut
1012 958 1238 1011 inertem
1279 956 1514 1026 quietem
1553 974 1713 1026 voco,
1750 975 1862 1010 non
1898 963 1960 1013 ut

253 1049 443 1086 somno
485 1034 538 1084 et
576 1031 713 1084 caris
751 1030 939 1084 turbae
978 1031 1348 1102 voluptatibus
1390 1030 1651 1099 quidquid
1693 1034 1774 1085 est
1813 1033 1870 1084 in
1906 1036 1959 1086 te

252 1105 450 1158 indolis
489 1104 700 1158 vividae
738 1123 971 1176 mergas·
1020 1125 1132 1160 non
1171 1108 1252 1161 est
1291 1105 1437 1159 istud
1476 1105 1838 1176 adquiescere3
1884 1106 1960 1159 in-

251 1179 432 1233 venies
483 1179 688 1232 maiora
739 1180 988 1234 omnibus
1035 1181 1210 1235 adhuc
1257 1183 1470 1234 strenue
1509 1181 1750 1235 tractatis
1792 1181 1961 1250 operi-

252 1254 379 1322 bus,
417 1270 553 1322 quae
591 1253 857 1322 repositus
894 1257 947 1307 et
977 1273 1195 1309 securus
1228 1255 1413 1326 agites.
1474 1256 1536 1306 tu
1568 1254 1783 1324 quidem
1817 1255 1960 1308 orbis

252 1331 515 1382 terrarum
568 1328 802 1381 rationes
856 1329 1197 1384 administras
1251 1332 1365 1383 tam
1420 1327 1746 1383 abstinenter
1798 1347 1960 1399 quam

254 1403 476 1472 alienae,
515 1405 628 1456 tam
669 1402 954 1474 diligenter
993 1422 1155 1473 quam
1193 1407 1337 1473 tuas,
1372 1406 1486 1455 tam
1517 1403 1766 1474 religiose
1799 1422 1960 1474 quam

252 1478 510 1547 publicas.
573 1477 631 1530 in
662 1477 843 1531 officio
877 1497 1112 1532 amorem
1145 1477 1510 1546 consequeriS‚
1548 1478 1605 1530 in
1637 1497 1742 1547 quo
1777 1479 1960 1533 odium

252 1554 421 1606 vitare
469 1552 689 1606 difficile
740 1554 842 1605 est.
893 1553 986 1606 sed
1030 1556 1234 1623 tamen,
1284 1552 1421 1606 mihi
1460 1551 1636 1620 crede,
1675 1554 1840 1607 satius
1880 1557 1962 1607 est

253 1627 394 1680 vitae
426 1645 553 1682 suae
584 1627 848 1681 rationem
878 1644 1039 1696 quam
1070 1628 1328 1681 frumenti
1350 1625 1556 1697 publici
1578 1643 1748 1680 nosse.
1795 1628 1960 1681 istum

255 1702 420 1754 animi
449 1703 691 1773 vigorem
723 1720 901 1755 rerum
931 1702 1287 1756 maximarum
1319 1700 1729 1770 capacissimum
1753 1720 1784 1753 a
1807 1703 1960 1755 mini-

256 1775 416 1828 sterio
466 1775 767 1830 honorifico
817 1776 1033 1845 quidem
1073 1777 1166 1831 sed
1205 1795 1396 1847 parum
1437 1775 1505 1828 ad
1544 1775 1755 1828 beatam
1794 1776 1960 1829 vitam

255 1852 382 1918 apto
421 1869 613 1905 revoca
651 1854 705 1904 et
744 1851 924 1921 cogita
961 1870 1073 1905 non
1110 1852 1165 1905 id
1197 1851 1369 1922 egisse
1399 1853 1454 1903 te
1486 1849 1553 1902 ab
1586 1851 1757 1903 aetate
1788 1851 1962 1921 prima

257 1923 405 1976 omni
454 1926 602 1979 cultu
652 1924 954 1979 studiorum
999 1926 1326 1994 liberalium,
1365 1927 1428 1978 ut
1466 1923 1566 1977 tibi
1603 1925 1774 1978 multa
1811 1926 1962 1979 milia

255 1998 511 2052 frumenti
540 2001 678 2054 bene
708 2000 1190 2054 committerentur:
1222 1999 1396 2053 maius
1430 1998 1682 2067 quiddam
1716 2003 1769 2053 et
1799 2001 1961 2053 altius

256 2071 322 2125 de
370 2073 424 2124 te
472 2074 808 2141 promiseras.
883 2093 994 2128 non
1041 2074 1236 2128 derunt
1281 2076 1335 2127 et
1379 2073 1704 2143 frugalitatis
1746 2077 1961 2128 exactae

255 2145 500 2200 homines
539 2151 591 2201 et
628 2148 926 2202 laboriosae
967 2167 1180 2219 operae:
1230 2150 1382 2201 tanto
1429 2148 1638 2216 aptiora
1682 2148 1961 2219 portandis

257 2220 506 2275 oneribus
537 2223 689 2276 tarda
719 2223 958 2276 iumenta
989 2226 1115 2276 sunt
1148 2241 1310 2292 quam
1333 2221 1541 2276 nobiles
1566 2223 1704 2293 equi,
1730 2239 1961 2293 quorum

256 2312 569 2367 generosam
622 2298 994 2366 pernicitatem
1050 2297 1170 2367 quis
1225 2315 1482 2366 umquam
1544 2299 1695 2369 gravi
1756 2296 1962 2350 sarcina

407 2473 434 2517 1
478 2471 578 2531 uite
618 2476 813 2520 rudetur
842 2477 888 2520 A
931 2489 1046 2522 corr.
1080 2478 1241 2522 Haase
1278 2475 1294 2533 ΙΙ
1339 2475 1362 2519 7
1404 2474 1518 2519 satis
1550 2475 1619 2520 A⁸
1654 2473 1818 2519 statim
1849 2470 1919 2516 A¹
1946 2471 1964 2529 ΙΙ

257 2532 287 2578 8
310 2538 418 2590 post
447 2532 596 2576 virtus
621 2535 889 2593 Wesenberg}
917 2537 1003 2579 tua
1035 2537 1266 2582 desiderat
1303 2534 1319 2591 ΙΙ
1357 2533 1386 2578 9
1417 2534 1562 2580 inotio
1586 2535 1657 2580 Α*
1685 2534 1702 2592 ΙΙ
1740 2532 1800 2576 10
1831 2531 1892 2574 sit
1915 2532 1962 2575 A

259 2595 331 2637 est
366 2592 565 2650 Madvig]
605 2591 622 2651 ΙΙ
667 2594 725 2639 16
763 2594 1065 2640 administras
1103 2598 1205 2641 tam
1240 2593 1310 2639 A³
1353 2594 1632 2638 administra
1670 2593 1814 2637 istam
1849 2589 1918 2635 A¹
1947 2590 1963 2647 ΙΙ

259 2651 318 2696 18
356 2651 573 2709 publicas
608 2653 816 2710 Aquod
856 2660 1010 2701 tuetur
1042 2656 1242 2712 Madvig]
1280 2667 1436 2698 sacras
1468 2654 1665 2710 Bentley
1703 2648 1961 2708 pupillares

258 2711 360 2756 Joh.
356 2667 569 2758 pMu'ller
614 2704 621 2772 Ι
667 2711 748 2758 illo
783 2714 890 2759 add.
925 2714 1063 2760 Gertz
1103 2729 1157 2759 eo
1190 2715 1350 2759 Haase
1381 2720 1486 2759 ante
1519 2712 1674 2757 officio
1712 2710 1728 2769 ΙΙ
1769 2709 1828 2754 22
1859 2709 1961 2754 uita

262 2772 374 2827 apto
398 2784 449 2815 re
471 2771 542 2817 A³
563 2773 617 2816 in
639 2785 732 2816 ras.
756 2773 825 2818 A¹
846 2776 1079 2830 scriptura
1102 2788 1298 2832 prorsus
1321 2775 1497 2819 ineerta
1520 2771 1612 2830 est!
1607 2769 1707 2874 {226
1728 2770 1960 2839 ,pmiseras

260 2830 433 2935 Ma&
436 2845 493 2875 m.
530 2834 559 2876 3
598 2833 650 2876 in
688 2839 778 2875 raS.
814 2835 970 2878 statim
1004 2840 1114 2891 post
1154 2836 1203 2878 te
1244 2834 1509 2890 incipiente)
1548 2831 1565 2890 ΙΙ
1648 2831 1671 2876 7
1715 2829 1959 2889 portandis

386 2890 461 2946 vi9
492 2890 795 2947 exportandis
820 2892 867 2935 A

1991 906 2028 939 10

1993 1646 2028 1678 2(

1994 2016 2028 2049 2!
