2028 3106
376 97 460 141 AD
493 95 850 142 GALLIONEM
882 95 964 139 DE
998 94 1145 139 VITA
1175 93 1381 138 BEATA
1414 93 1539 140 GAP.
1568 100 1623 140 26
1745 97 1853 150 227

151 218 297 288 quod
346 219 506 272 etiam
556 217 602 270 si
647 235 759 271 non
797 217 1023 288 geritur,
1071 216 1333 270 indictum
1373 219 1475 269 est:
1527 234 1623 270 vos
1663 216 1854 269 domus

150 293 446 360 formonsa,
482 295 759 361 tamquam
797 309 897 345 nec
936 291 1118 345 ardere
1155 308 1255 344 nec
1290 308 1443 343 ruere
1483 292 1676 360 possit,
1715 291 1855 343 inso-

148 368 344 436 lentes,
387 385 484 420 vos
533 385 661 436 opes
669 408 684 435 ‚
730 370 1007 435 tamquam
1051 365 1350 435 periculum
1389 382 1546 418 omne
1585 369 1853 420 transcen-

150 441 327 496 derint
364 441 700 525 maioresque
732 441 839 493 sint
870 440 1023 494 vobis
1057 458 1218 510 quam
1250 439 1445 508 quibus
1478 438 1853 494 consumendis

99 535 118 568 ⁵
151 516 279 570 satis
329 516 526 569 virium
578 514 772 568 habeat
819 514 1059 584 fortuna,
1115 515 1343 583 obstupe
1390 514 1608 568 faciunt.
1695 513 1913 568 otiosi3

150 590 350 644 divitiis
395 590 582 644 luditis
620 607 719 643 nec
762 589 1057 659 providetis
1095 589 1311 643 illarum
1353 589 1676 659 periculum,
1717 589 1857 644 sicut

147 666 360 719 barbari
389 666 704 736 plerumque
727 663 939 734 inclusi,
968 664 1068 718 ut
1052 664 1228 736 ignari
1251 663 1635 734 machinarum,
1668 682 1856 735 segnes

147 741 386 794 laborem
436 739 795 794 obsidentium
841 742 1086 808 spectant
1122 757 1222 793 nec
1261 757 1368 808 quo
1407 738 1502 791 illa
1540 739 1856 808 pertineant,

149 833 286 884 quae
325 834 392 868 ex
429 814 728 884 longinquo
769 817 1071 883 struuntur,
1110 814 1447 884 intellegunt.
1523 814 1665 867 idem
1703 813 1856 866 vobis

75 909 118 942 ιο
148 890 349 943 evenit:
398 889 646 942 marcetis
696 888 754 941 in
803 888 993 942 vestris
1044 889 1203 942 rebus
1250 905 1351 941 nec
1398 888 1672 960 cogitatis,
1724 890 1858 957 quot

148 981 301 1018 casus
347 963 585 1032 undique
631 963 948 1015 immineant
995 963 1103 1016 iam
1152 962 1367 1031 iamque
1406 963 1644 1032 pretiosa
1683 962 1858 1032 spolia

146 1038 325 1092 laturi.
413 1037 670 1106 sapientis
732 1037 976 1106 quisquis
1038 1037 1321 1091 abstulerit
1373 1036 1612 1105 divitias,
1676 1037 1858 1090 omnia
1888 1049 1915 1088 4

146 1113 230 1166 illi
260 1130 357 1165 sua
385 1112 677 1181 relinquet3
707 1111 842 1164 vivit
873 1112 1016 1166 enim
1051 1111 1422 1181 praesentibus
1452 1112 1646 1180 1361116,
1686 1111 1858 1164 futuri

147 1204 378 1241 securus.
443 1185 623 1240 Nihil
662 1186 863 1257 magis'
902 1187 1080 1256 inquit
1117 1187 1210 1240 ille
1243 1183 1489 1240 Socrates
1530 1188 1623 1238 aut
1661 1186 1856 1255 aliquis

74 1279 116 1313 1⁵
146 1261 309 1330 alius,
370 1261 454 1315 ius
515 1260 604 1315 cui
661 1260 803 1313 idem
857 1261 1109 1314 adversus
1163 1260 1401 1313 humana
1455 1263 1615 1328 atque
1671 1260 1856 1313 eadem

147 1338 385 1406 potestas
439 1338 521 1389 est
575 1334 842 1404 ‘persuasi
896 1335 1053 1403 1111111,
1117 1353 1278 1405 quam
1331 1353 1399 1388 ne
1453 1334 1520 1387 ad
1576 1335 1856 1403 opiniones

146 1413 349 1464 vestras
404 1412 585 1464 actum
638 1410 781 1463 vitae
832 1429 979 1463 meae
1029 1410 1313 1464 flecterem.
1403 1410 1563 1462 solita
1617 1408 1856 1462 conferte

146 1484 383 1554 undique
431 1484 614 1538 verba:
659 1502 772 1537 non
818 1485 1108 1539 conviciari
1154 1503 1250 1539 vos
1298 1484 1499 1553 putabo
1541 1483 1632 1536 sed
1671 1483 1854 1554 vagire

146 1560 294 1613 velut
324 1559 556 1612 infantes
588 1559 951 1612 miserrimos?
1005 1559 1136 1613 haec
1164 1559 1304 1613 dicet
1332 1559 1450 1627 1116,
1480 1558 1567 1612 0111
1592 1557 1855 1627 sapientia
1888 1570 1914 1608 5

73 1653 117 1687 ιο
147 1635 401 1706 contigit,
463 1652 622 1719 quem
684 1634 895 1687 animus
957 1634 1214 1687 vitiorum
1268 1633 1524 1686 immunis
1581 1632 1855 1702 increpare

146 1709 303 1777 alios,
348 1727 461 1763 non
507 1709 634 1777 quia
673 1709 808 1778 odit,
857 1708 949 1762 sed
988 1709 1046 1762 in
1083 1708 1379 1762 remedium
1420 1708 1582 1761 iubet.
1661 1707 1856 1762 adiciet

145 1783 231 1838 his
276 1784 392 1837 illa:
441 1783 793 1837 existimatio
841 1802 926 1836 me
973 1786 1150 1836 vestra
1194 1801 1306 1836 non
1344 1801 1464 1836 meo
1503 1781 1722 1836 nomine
1761 1782 1855 1836 sed

147 1861 324 1912 vestro
387 1861 593 1926 movet,
665 1858 792 1928 quia
853 1858 1179 1912 clamitantis
1243 1857 1419 1911 odisse
1482 1860 1535 1910 et
1595 1858 1853 1911 lacessere

147 1932 400 1987 virtutem
430 1933 603 1986 bonae
635 1933 750 2002 spei
782 1932 1006 1986 eiuratio
1040 1935 1134 1986 est.
1196 1933 1403 1986 nullam
1435 1931 1570 1984 mihi
1603 1931 1854 1985 iniuriam

73 2026 116 2059 25
146 2006 345 2076 facitis,
395 2008 487 2061 sed
532 2026 599 2060 ne
646 2007 728 2060 dis
778 2007 994 2076 quidem
1033 2008 1091 2060 hi
1131 2008 1225 2076 qui
1264 2024 1382 2060 aras
1422 2009 1682 2060 evertunt.
1762 2005 1854 2060 sed

147 2081 347 2135 malum
388 2082 727 2151 propositum
768 2085 990 2151 apparet
1028 2082 1336 2151 malumque
1371 2081 1660 2134 consilium
1693 2081 1854 2134 etiam

295 2256 325 2301 3
356 2258 494 2316 omes]
522 2260 653 2314 (eras.
679 2262 743 2314 m)
778 2262 820 2303 A
853 2260 868 2314 Η
906 2257 933 2302 4
964 2256 1099 2302 uobis
1130 2271 1214 2303 om.
1239 2258 1354 2316 voly.
1386 2258 1402 2315 ΙΙ
1440 2258 1469 2302 5
1501 2258 1706 2314 obstupe
1737 2255 1852 2302 faci-

149 2319 233 2362 unt
260 2321 300 2362 A
332 2317 537 2372 divisim,
562 2322 614 2363 ut
636 2319 811 2364 volebat
837 2320 1003 2374 Haupt
1033 2331 1183 2374 opusc.
1211 2318 1302 2362 111
1320 2331 1370 2374 p.
1396 2321 1488 2363 357
1518 2318 1534 2377 ΙΙ
1569 2318 1592 2362 7
1617 2320 1672 2362 111
1695 2316 1852 2375 ignari

151 2377 285 2423 Gertz
327 2379 376 2422 et
414 2377 569 2435 ignari
604 2379 650 2423 A
693 2380 741 2422 et
780 2379 864 2422 del.
908 2378 1106 2434 Madviy
1145 2379 1161 2433 Ἰ
1203 2376 1232 2421 8
1270 2376 1354 2420 1113
1385 2377 1656 2434 pertineant
1693 2378 1854 2422 Muret

148 2435 231 2481 illa
271 2436 554 2493 pertinenda
592 2436 661 2482 A¹
704 2438 927 2495 (viryulae
969 2451 1106 2493 super
1147 2442 1387 2494 utramque
1427 2450 1455 2481 3
1496 2443 1654 2495 postea
1696 2449 1855 2482 erasae

147 2498 270 2552 mat)
307 2497 324 2553 ΙΙ
363 2496 393 2540 9
423 2496 707 2555 intellegant
738 2498 780 2542 A
821 2511 933 2542 corr.
959 2497 1072 2554 voly
1116 2498 1132 2555 ΙΙ
1175 2496 1229 2540 ll
1271 2497 1318 2540 13
1351 2497 1538 2554 iamque
1580 2497 1644 2553 (ia
1675 2497 1727 2541 in
1756 2510 1849 2542 ras.

150 2571 204 2601 m.
232 2558 276 2611 5)
309 2557 352 2601 A
401 2576 404 2606 τ
454 2556 752 2614 spolialaturi
784 2556 1026 2614 sapientis.
1061 2556 1127 2601 A¹
1161 2555 1225 2611 (la
1255 2569 1290 2601 8.
1315 2570 1355 2601 v.
1382 2558 1488 2602 add.
1516 2572 1573 2601 m.
1601 2558 1644 2612 1)
1677 2555 1852 2612 spolia-

149 2587 301 2661 laturo
344 2617 551 2673 sapienti
586 2617 655 2662 A⁶
695 2623 835 2675 yenet
883 2616 1110 2673 sapientis
1153 2616 1357 2670 defendit
1398 2618 1500 2662 Joh.
1536 2616 1711 2661 Mu'ller
1749 2615 1850 2661 coll.

147 2676 259 2721 dial.
289 2676 336 2720 X
368 2681 409 2730 1,
434 2680 488 2730 2;
519 2681 565 2732 2,
590 2681 618 2722 4
652 2677 730 2722 IX
766 2682 828 2729 17,
930 2679 934 2718 !
979 2675 1034 2720 18
1068 2676 1237 2720 futuris
1261 2676 1306 2721 A
1339 2690 1453 2723 corr.
1479 2677 1592 2734 volq.
1634 2675 1650 2734 ΙΙ
1688 2674 1746 2719 15
1777 2675 1850 2720 ius

145 2742 246 2791 post
277 2735 397 2780 alius
427 2737 530 2781 Joh
561 2737 749 2790 Maller,
783 2738 869 2781 alii
900 2737 994 2781 alvo
1026 2737 1122 2781 loco
1154 2737 1363 2781 mserwnt
1392 2737 1408 2793 Η
1440 2736 1497 2781 19
1529 2734 1735 2805 sapienti
1759 2735 1804 2780 A
1835 2735 1852 2793 11

148 2793 209 2839 28
249 2795 536 2841 clamitantis
580 2796 734 2841 odisse
778 2798 825 2849 (i.
857 2812 889 2841 e.
933 2796 1231 2840 clamitantes
1275 2809 1323 2840 66
1368 2796 1523 2841 0111666
1566 2796 1606 2840 si
1641 2794 1849 2851 nificare)

153 2854 288 2899 Gertz
327 2855 583 2900 clamitatis
622 2856 775 2901 0111666
814 2858 855 2900 A
902 2855 1141 2900 claritates
1181 2855 1254 2900 od.
1296 2856 1488 2914 Georyes
1529 2856 1546 2913 ΙΙ
1586 2854 1616 2899 2
1677 2854 1852 2907 facitis,

152 2913 271 2957 sicut
304 2916 560 2961 Pina-mnus
594 2915 772 2969 facitis,
811 2918 859 2959 ut
902 2917 1019 2960 Wese
999 2916 1160 2970 erchem

1405 3004 1490 3047 15*
