2028 3106
157 73 240 117 AD
272 71 553 117 HELVIAM
583 71 849 116 MATREM
879 72 961 116 DE
994 69 1458 117 CONSOLATIONE
1495 69 1622 115 CAP.
1654 76 1679 115 7
1749 73 1857 127 347

154 194 439 248 transitum
490 211 553 248 ac
601 194 979 264 migrationem
1029 196 1182 263 puta,
1233 210 1356 247 cum
1403 191 1488 244 dei
1532 196 1726 246 natura
1773 193 1862 247 ad-

155 269 308 322 sidua
353 272 406 322 et
452 268 768 322 citatissima
813 269 1232 323 commutatione
1278 267 1366 320 vel
1415 266 1643 320 delectet
1682 286 1737 320 se
1776 269 1864 321 vel

155 347 447 397 conservet.

303 416 422 471 VII.
484 414 535 469 A
586 416 905 471 caelestibus
956 415 1185 487 agedum
1234 419 1287 468 te
1337 414 1405 468 ad
1454 415 1689 468 humana
1738 432 1863 469 con·
1896 433 1919 472 1

104 510 124 542 5
154 494 325 545 verte:
386 491 591 544 videbis
655 494 841 561 gentes
903 491 1242 561 populosque
1295 490 1573 555 universos
1629 492 1863 544 mutasse

154 566 348 621 sedem.
425 565 555 635 quid
606 566 709 618 sibi
748 566 940 619 volunt
978 566 1036 618 in
1074 565 1264 618 mediis
1302 565 1653 618 barbarorum
1691 565 1863 635 regio-

152 640 311 694 nibus
377 638 607 694 Graecae
668 639 864 694 urbes?
954 639 1084 709 quid
1146 640 1287 693 inter
1347 637 1509 692 Indos
1568 637 1864 708 Persasque

152 714 532 768 Macedonicus
595 715 808 768 sermo?
886 712 1108 785 Scythia
1169 716 1224 767 et
1283 716 1431 767 totus
1486 713 1577 766 ille
1631 713 1865 766 ferarum

154 789 645 859 indomitarumque
723 790 965 861 gentium
1040 791 1244 843 tractus
1322 788 1567 842 civitates
1628 786 1865 842 Achaiae

80 881 124 915 10
154 862 394 918 Ponticis
456 864 719 933 inpositas
779 864 1030 918 litoribus
1092 866 1352 918 ostentat:
1412 881 1525 916 non
1578 865 1866 932 perpetuae

152 938 344 993 hiemis
377 940 621 1008 saevitia,
652 957 765 992 non
795 938 1077 992 hominum
1108 938 1327 1009 ingenia
1357 938 1424 991 ad
1458 937 1867 991 similitudinem

153 1013 288 1067 caeli
336 1014 420 1067 sui
459 1014 735 1067 horrentia
771 1013 1215 1067 transferentibus
1256 1012 1445 1067 domos
1486 1032 1608 1067 suas
1648 1013 1866 1066 obstite-

151 1091 293 1141 runt.
371 1087 717 1142 Atheniensis
758 1089 815 1141 in
852 1087 986 1142 Asia
1022 1088 1181 1141 turba
1219 1091 1324 1157 est3
1368 1087 1588 1142 Miletus
1629 1087 1867 1158 quinque
1899 1103 1924 1143 2

153 1166 208 1215 et
267 1163 611 1234 septuaginta
670 1163 885 1216 urbium
947 1163 1211 1233 populum
1273 1163 1332 1215 in
1393 1162 1605 1217 diversa
1657 1162 1868 1231 effudit3

79 1253 122 1287 ιε
152 1240 329 1290 totum
375 1235 564 1291 Italiae
601 1237 768 1306 latus,
817 1238 963 1307 quod
1001 1238 1174 1291 infero
1213 1237 1350 1290 mari
1389 1237 1647 1306 adluitur,
1698 1237 1869 1290 maior

154 1309 378 1366 Graecia
415 1312 534 1365 fuit.
612 1310 817 1366 Tuscos
850 1310 983 1366 Asia
1014 1313 1118 1366 sibi
1149 1311 1411 1382 vindicat3
1449 1310 1601 1381 Tyrii
1625 1310 1868 1366 Africam

154 1387 420 1455 incolunt,
466 1385 789 1456 Hispaniam
828 1385 1019 1455 Poeni3
1067 1385 1256 1441 Graeci
1303 1405 1359 1441 se
1405 1386 1464 1440 in
1504 1384 1734 1440 Galliam
1773 1387 1869 1440 im-

155 1461 439 1531 miserunt,
484 1462 543 1515 in
589 1459 867 1515 Graeciam
915 1460 1080 1531 GalJi3
1127 1461 1432 1532 Pyrenaeus
1481 1459 1870 1515 Germanorum

153 1536 412 1589 transitus
468 1554 580 1590 non
633 1535 870 1589 inhibuit
922 1555 1015 1588 -ε
1069 1555 1167 1606 per
1218 1537 1386 1606 invia,
1443 1555 1540 1606 per
1594 1535 1871 1608 incognita
1903 1551 1928 1590 3

80 1625 124 1659 ιο
154 1611 390 1664 versavit
451 1629 507 1664 se
568 1611 803 1664 humana
863 1611 1069 1664 levitas.
1146 1611 1344 1666 liberos
1399 1611 1762 1683 coniugesque
1818 1613 1872 1664 et

154 1702 345 1756 graves
416 1686 565 1739 senio
628 1689 876 1756 parentes
938 1689 1229 1740 traxerunt.
1307 1685 1401 1739 alii
1460 1686 1628 1757 longo
1692 1703 1870 1739 errore

155 1760 338 1813 iactati
391 1778 504 1814 non
558 1760 759 1814 iudicio
817 1761 1094 1832 elegerunt
1146 1761 1350 1830 locum,
1407 1760 1500 1815 sed
1553 1760 1871 1814 lassitudine

154 1834 463 1904 proximum
511 1839 933 1905 occupaverunt,
982 1836 1075 1889 alii
1122 1836 1284 1890 armis
1332 1835 1437 1890 sibi
1476 1836 1560 1889 ius
1599 1836 1658 1888 in
1696 1835 1872 1889 aliena

155 1913 298 1963 terra
342 1909 607 1980 fecerunt3
654 1910 914 1980 quasdam
962 1914 1170 1982 gentes,
1217 1928 1340 1965 cum
1386 1910 1574 1982 ignota
1612 1913 1873 1981 peterent,

82 1998 126 2032 ²⁶
157 2002 302 2038 mare
340 1985 544 2054 hausit,
584 1985 847 2055 quaedam
887 1985 963 2039 ibi
995 1985 1372 2054 consederunt,
1412 1986 1507 2039 ubi
1539 1985 1660 2040 illas
1692 2003 1871 2039 rerum

158 2060 398 2113 omnium
449 2060 635 2130 inopia
683 2059 947 2130 deposuit.
1025 2078 1125 2115 nec
1176 2060 1424 2114 omnibus
1475 2060 1660 2114 eadem
1711 2079 1873 2115 causa
1904 2075 1931 2114 4

156 2134 495 2203 relinquendi
551 2135 947 2205 quaerendique
1001 2135 1231 2205 patriam
1284 2136 1411 2188 fuit:
1473 2136 1608 2190 alios
1664 2135 1873 2190 excidia

157 2209 373 2262 urbium
413 2228 629 2263 suarum
669 2211 959 2264 hostilibus
999 2211 1162 2264 armis
1202 2210 1413 2280 elapsos
1454 2211 1512 2263 in
1543 2211 1719 2264 aliena
1750 2228 1871 2280 spo-

156 2282 318 2337 liatos
374 2284 485 2337 suis
539 2285 883 2354 expulerunt;
945 2285 1079 2339 alios
1134 2284 1428 2339 domestica
1482 2285 1675 2338 seditio
1731 2303 1872 2339 sum-

84 2372 127 2405 ao
158 2357 352 2427 movit3
398 2358 533 2411 alios
580 2359 749 2412 nimia
796 2359 1174 2429 superfluentis
1223 2360 1415 2429 populi
1462 2359 1766 2428 frequentia
1804 2359 1872 2413 ad

158 2433 521 2486 exonerandas
554 2434 693 2488 vires
727 2435 927 2503 emisit3
958 2434 1092 2487 alios
1117 2434 1425 2504 pestilentia
1448 2437 1542 2488 aut
1565 2434 1871 2505 frequentes

308 2547 338 2594 4
362 2549 596 2609 agelsdum
622 2551 668 2596 A
693 2553 826 2606 (eras.
851 2551 956 2606 fort.
983 2553 1033 2608 n)
1055 2550 1072 2610 ΙΙ
1094 2550 1154 2596 13
1178 2550 1481 2597 Atheniensis
1506 2561 1534 2596 ς
1563 2552 1614 2596 at
1636 2550 1771 2597 henis
1787 2553 1833 2597 A
1856 2551 1873 2611 ΙΙ

160 2607 218 2652 15
248 2608 412 2667 maiori
435 2610 646 2671 [sfgr-ecia
670 2612 738 2666 A,
770 2612 906 2656 initio
937 2624 1092 2656 versus
1121 2610 1171 2655 in
1201 2611 1270 2656 vel
1301 2611 1366 2656 im
1398 2625 1529 2667 eras„
1560 2611 1684 2657 unde
1721 2611 1874 2656 maior

161 2667 270 2712 olim
316 2667 516 2715 Graecia
562 2670 698 2716 Gertz
738 2671 755 2729 ΙΙ
801 2670 859 2715 16
900 2672 1033 2715 tusco
1078 2670 1251 2727 sassias'
1295 2670 1387 2715 sibi
1422 2670 1492 2717 A¹
1530 2685 1643 2717 corr.
1681 2670 1826 2729 A⁸(?)
1855 2670 1873 2731 ΙΙ

162 2727 218 2772 17
249 2727 311 2773 Hi
372 2729 531 2774 aniam
570 2731 729 2776 Muret
772 2730 1043 2788 inhispania
1074 2731 1120 2776 A
1161 2730 1179 2801 Ι]
1219 2730 1279 2776 28
1317 2730 1628 2777 iussinaliena
1655 2730 1726 2777 A²
1755 2744 1870 2777 corr.

163 2786 232 2832 A'
274 2742 395 2846 {1⁸35
438 2802 568 2835 mare
612 2790 808 2835 retinuit
849 2791 964 2836 coni.
1000 2791 1233 2837 Matthzae
1286 2792 1290 2848 Ι
1335 2790 1395 2837 28
1428 2790 1585 2837 aliena
1616 2802 1645 2836 ς
1682 2796 1726 2837 et
1754 2791 1870 2851 voly.

164 2846 342 2892 alienas
378 2850 422 2894 A
469 2851 486 2907 Η
525 2848 582 2894 81
624 2850 749 2895 uires
784 2852 831 2896 A
873 2850 994 2907 quod
1030 2851 1162 2897 Koch
1199 2851 1254 2896 de
1278 2851 1404 2897 endit
1438 2853 1537 2898 coll.
1567 2852 1675 2897 Vell.
1709 2852 1741 2897 1
1775 2855 1818 2907 4,
1842 2854 1871 2897 3

162 2905 301 2953 urbes
325 2908 588 2955 Pincianus
623 2911 627 2965 Ι
664 2910 923 2967 frequentis
948 2912 992 2956 A
