2028 3106
334 81 418 126 AD
450 80 767 126 POLYBIVM
799 82 880 126 DE
913 82 1375 130 CONSOLATIONE
1407 82 1534 129 CAP.
1564 89 1632 128 14.
1660 89 1714 128 15
1785 86 1890 140 331

1955 158 2001 197 7
2025 140 2028 151 .

190 204 327 273 fat03
381 206 435 258 et
488 222 649 274 quam
690 204 1020 279 QQE.
1045 205 1176 261 iuris
1232 205 1389 276 aequi
1435 205 1606 276 pietas
1653 204 1895 260 Africani
1966 240 1972 247 -

188 278 375 348 fuerit,
419 279 627 333 cunctis
678 281 951 349 apparuit:
998 280 1185 335 eodem
1225 280 1367 334 enim
1407 281 1492 335 die
1532 279 1715 351 Scipio
1755 279 1895 334 Afri-

190 370 379 422 canus,
409 370 515 422 quo
547 354 769 407 viatoris
801 354 1046 408 manibus
1079 356 1299 409 fratrem
1331 355 1649 426 abstulerat,
1679 355 1894 410 tribuno

191 445 405 497 quoque
443 429 617 498 plebis
656 428 900 498 privatus
939 428 1254 485 intercessit.
1331 433 1443 484 tam
1484 449 1681 502 magno
1713 434 1895 485 tamen

139 518 159 552 ε
188 503 408 556 fratrem
450 502 771 557 desideravit
809 502 899 556 hic
932 504 1134 575 animo,
1173 523 1341 576 quam.
1366 505 1687 559 defenderat.
1767 505 1895 576 quid

187 576 414 631 referam
444 575 810 631 Aemilianum
844 575 1177 649 Scipionem,
1217 579 1311 648 qui
1347 597 1456 633 uno
1488 598 1658 650 paene
1690 580 1897 634 eodem-

189 669 293 722 que
342 655 586 724 tempore
637 651 902 722 spectavit
950 653 1119 723 patris
1169 653 1508 724 triumphum
1560 654 1896 725 duorumque

187 726 415 781 fratrum
445 726 672 781 funera?
732 726 1167 783 adulescentulus
1198 732 1383 783 tamen
1413 747 1475 784 ac
1505 729 1898 800 propemodum

187 819 323 872 puer
358 806 512 856 tanto
544 802 724 856 animo
756 802 888 855 tulit
920 803 1069 855 illam
1101 803 1338 858 familiae
1370 822 1495 858 suae
1527 823 1690 875 super
1719 805 1898 875 ipsum

114 892 158 926 ιο
187 875 344 931 Pauli
365 875 704 947 triumphum
728 875 1060 931 concidentis
1086 878 1322 932 subitam
1345 878 1672 949 vastitatem,
1695 883 1897 950 quanto

187 952 373 1007 debuit
417 952 555 1006 ferre
602 951 685 1004 vir
730 950 787 1004 in
832 951 938 1005 hoc
982 954 1166 1023 natus,
1210 972 1279 1007 ne
1325 954 1446 1007 urbi
1484 953 1759 1008 Romanae
1806 957 1899 1008 aut

186 1025 369 1098 Scipio
409 1026 618 1080 deesset
658 1029 753 1080 aut
792 1024 1061 1098 Carthago
1103 1031 1418 1098 superesset.

334 1100 453 1155 XV.
516 1099 657 1172 [34]
706 1100 849 1165 Quid
894 1101 1122 1155 referam
1163 1103 1392 1156 duorum
1431 1102 1783 1158 Lucullorum
1823 1104 1898 1157 di-

184 1178 451 1247 remptam
490 1180 667 1231 morte
706 1176 1086 1231 concordiam?
1149 1178 1278 1247 quid
1317 1176 1642 1248 Pompeios?
1705 1178 1897 1249 quibus

112 1265 154 1301 ιι
182 1270 253 1306 ne
298 1251 405 1306 hoc
452 1251 670 1322 quidem
717 1252 960 1306 saeviens
1007 1252 1230 1323 reliquit
1274 1253 1515 1324 fortuna,
1561 1257 1625 1308 ut
1669 1273 1778 1308 una
1817 1273 1898 1309 ea-

185 1326 413 1396 demque
482 1327 827 1382 conciderent
894 1327 1073 1381 ruina:
1142 1329 1282 1382 vixit
1350 1326 1546 1383 Sextus
1607 1328 1898 1399 Pompeius

183 1401 422 1471 primum
469 1401 643 1455 sorori
689 1404 987 1471 superstes,
1034 1403 1187 1455 cuius
1237 1405 1412 1456 morte
1459 1403 1665 1473 optime
1711 1404 1897 1459 cohae-

184 1474 352 1529 rentis
392 1473 668 1529 Romanae
717 1476 868 1546 pacis
918 1475 1137 1531 vincula
1172 1477 1413 1531 resoluta
1451 1480 1599 1547 sunt,
1650 1478 1898 1548 idemque

183 1548 276 1604 hic
312 1550 451 1604 vixit
487 1553 760 1622 superstes
801 1551 1011 1622 optimo
1049 1551 1227 1622 fratri,
1267 1569 1426 1622 quem
1457 1551 1678 1606 fortuna
1706 1552 1765 1606 in
1794 1553 1899 1607 hoc

110 1641 155 1675 20
185 1628 456 1695 evexerat,
506 1645 575 1680 ne
620 1626 799 1680 minus
848 1627 956 1681 alte
1003 1645 1125 1681 eum
1173 1626 1426 1695 deiceret,
1476 1645 1639 1697 quam
1689 1630 1897 1697 patrem

186 1699 471 1771 deiecerat3
509 1705 563 1756 et
600 1704 728 1772 post
764 1701 912 1756 hunc
949 1705 1133 1756 tamen
1164 1719 1348 1757 casum
1381 1700 1576 1756 Sextus
1608 1701 1897 1773 Pompeius

184 1794 297 1830 non
341 1778 553 1831 tantum
594 1777 793 1847 dolori,
840 1777 931 1832 sed
972 1778 1133 1832 etiam
1173 1776 1316 1832 bello
1357 1777 1580 1832 suffecit.
1658 1777 1898 1832 innume-

183 1850 376 1905 rabilia
429 1851 668 1921 undique
724 1853 971 1923 exempla
1023 1856 1393 1923 separatorum
1445 1856 1618 1908 morte
1672 1853 1899 1907 fratrum

185 1929 528 1997 succurrunt,
556 1926 724 1980 immo
757 1931 946 1981 contra
975 1927 1068 1980 vix
1098 1928 1211 1981 ulla
1240 1945 1500 1998 umquam
1530 1928 1726 1982 horum
1750 1929 1901 1999 paria

111 2013 155 2048 ιο
187 2004 476 2070 conspecta
513 2005 642 2056 sunt
678 2020 788 2055 una
826 2001 1180 2072 senescentia3
1227 2002 1321 2056 sed
1360 2005 1645 2058 contentus
1683 2006 1898 2058 nostrae

186 2072 379 2130 domus
441 2077 702 2149 exemplis
765 2095 871 2132 ero.
948 2094 1109 2131 nemo
1171 2076 1315 2131 enim
1377 2081 1491 2132 tam
1553 2095 1743 2149 expers
1797 2077 1900 2132 erit

187 2166 374 2203 sensus
421 2168 484 2204 ac
529 2152 799 2222 sanitatis,
845 2155 909 2206 ut
945 2151 1220 2206 fortunam
1258 2152 1360 2207 ulli
1398 2156 1654 2223 queratur
1690 2153 1898 2207 luctum

186 2222 456 2294 intulisse,
504 2243 666 2295 quam
713 2227 848 2281 sciet
886 2226 1047 2281 etiam
1088 2224 1374 2281 Caesarum
1413 2228 1663 2282 lacrimas
1704 2245 1897 2282 concu-

186 2297 345 2369 pisse.
421 2299 577 2354 divus
608 2299 890 2373 Augustus
931 2300 1113 2355 amisit
1144 2299 1423 2356 Octaviam
1463 2319 1701 2356 sororem
1741 2303 1900 2358 caris·

336 2430 363 2476 1
396 2431 652 2489 impatiens
682 2433 798 2479 iuris
831 2433 972 2492 aequi
998 2434 1159 2479 Haase
1195 2434 1312 2479 iuris
1346 2434 1487 2491 aequi
1518 2434 1774 2492 impatiens
1798 2435 1902 2480 DE

186 2491 375 2548 patiens
416 2492 533 2536 iuris
576 2494 626 2538 et
667 2494 808 2550 aequi
843 2495 889 2539 B
933 2494 1002 2550 (in
1040 2507 1183 2552 marq.
1220 2507 1335 2540 corr.
1376 2493 1649 2553 impatiens)
1692 2495 1808 2539 iuris
1852 2496 1900 2540 et

188 2551 328 2609 aequi
358 2552 547 2609 patiens
572 2553 630 2598 H
652 2553 669 2611 ΙΙ
698 2552 728 2597 2
753 2552 911 2611 Scipio
935 2551 1187 2598 Africanus
1219 2553 1304 2599 del.
1332 2554 1539 2659 Muretgl
1569 2554 1598 2600 5
1622 2553 1900 2599 defenderat

186 2611 302 2670 0019.
350 2610 625 2658 defenderet
662 2613 708 2657 B
755 2614 854 2671 (sed
895 2626 1008 2659 corr.
1049 2614 1102 2658 in
1143 2615 1306 2672 marg.)
1342 2613 1401 2658 H
1442 2613 1500 2659 de
1524 2613 1708 2660 enderit
1741 2614 1846 2659 DE
1883 2614 1900 2675 ΙΙ

188 2669 248 2716 18
278 2670 594 2729 ΙιιοίῐίΠοι-ωη
626 2671 910 2731 diremptam
941 2674 1093 2718 morte
1116 2673 1162 2718 B
1195 2686 1310 2719 corr.
1333 2687 1392 2719 m.
1415 2676 1447 2719 2
1483 2674 1499 2735 ΙΙ
1542 2674 1600 2720 15
1639 2673 1899 2732 eademque

197 2730 466 2791 Wesenbera
496 2731 700 2789 denique
736 2734 774 2779 O
802 2734 819 2792 ΙΙ
856 2733 916 2778 16
946 2733 1165 2779 Senecam
1195 2747 1369 2780 errasse
1398 2734 1494 2791 hic,
1526 2739 1580 2781 ut
1608 2735 1816 2792 saepius,
1846 2735 1899 2781 in

187 2789 381 2837 historia
421 2805 517 2837 mm
557 2792 682 2850 fugit
714 2793 780 2838 Li
810 2794 932 2839 sium
972 2793 989 2851 ΙΙ
1029 2792 1089 2838 20
1133 2794 1350 2839 evexerat
1391 2794 1527 2840 Gertz
1569 2795 1782 2839 erexerat
1817 2794 1855 2841 Ο
1895 2796 1900 2855 Ι

188 2846 244 2894 21
280 2849 447 2896 Sextus
471 2851 722 2909 Pompeius
754 2806 839 2897 del.
867 2854 1027 2899 eret
1056 2854 1073 2913 ΙΙ
1102 2852 1162 2899 28
1194 2866 1335 2911 quam
1365 2854 1483 2900 sciet
1507 2854 1547 2900 0
1575 2867 1714 2912 quem
1740 2854 1876 2901 scieri

191 2908 248 2954 Η
274 2910 396 2956 nonde
427 2925 568 2968 quom
601 2910 761 2957 scierit
794 2912 932 2958 Gertz
