2034 3086
114 1203 136 1242 1

588 552 654 612 L.
700 552 1027 612 ANNAEI
1076 551 1451 612 SENECAE

320 700 1113 793 DIALOGORVM
1170 701 1530 782 LIBER
1578 700 1721 780 IV.

849 846 919 878 AD
943 845 1198 879 NOVATVM

910 949 991 994 DE
1023 949 1133 994 IRA

874 1071 1076 1104 LIBER
1113 1072 1163 1103 11.

319 1190 358 1244 Ι.
438 1190 650 1244 Primus
715 1192 873 1260 liber,
940 1191 1173 1260 Novate,
1245 1191 1614 1262 benigniorem
1687 1192 1876 1246 habuit

172 1266 471 1335 materiam3
518 1266 692 1319 facilis
739 1267 881 1319 enim
929 1268 985 1319 in
1027 1267 1290 1336 proclivia
1327 1267 1583 1320 vitiorum
1623 1266 1876 1321 decursus

171 1345 264 1394 est.
337 1358 480 1394 nunc
519 1341 586 1393 ad
627 1341 850 1394 exiliora
889 1341 1207 1394 veniendum
1248 1343 1350 1410 est3
1390 1342 1694 1410 quaerimus
1735 1342 1877 1394 enim

172 1417 250 1468 ira
288 1418 470 1468 utrum
510 1415 708 1469 iudicio
749 1435 816 1468 an
856 1415 1043 1484 inpetu
1082 1414 1326 1483 incipiat,
1366 1415 1421 1467 id
1457 1418 1538 1468 est
1568 1418 1749 1468 utrum
1782 1434 1878 1468 sua

173 1493 363 1559 sponte
421 1493 701 1542 moveatur
761 1508 829 1542 an
892 1489 1341 1558 quemadmodum
1403 1489 1679 1559 pleraque,
1742 1507 1877 1558 quae

173 1565 313 1618 intra
357 1583 457 1618 nos
502 1582 608 1618 non
651 1563 833 1618 insciis
872 1559 1028 1617 nobis
1069 1564 1327 1616 oriuntur.
1405 1563 1563 1616 debet
1602 1566 1780 1617 autem
1821 1564 1876 1616 in

171 1640 302 1692 haec
341 1658 395 1692 se
435 1639 712 1692 demittere
752 1639 1068 1707 disputatiO,
1108 1641 1168 1691 ut
1208 1638 1273 1691 ad
1314 1638 1408 1690 illa
1439 1657 1653 1708 quoque
1686 1639 1877 1691 altiora

172 1714 344 1783 possit
382 1731 659 1783 exurgere:
706 1732 831 1766 nam
871 1716 924 1766 et
962 1714 1019 1766 in
1058 1731 1282 1782 corpore
1320 1715 1505 1766 nostro
1547 1731 1668 1766 ossa
1706 1713 1876 1766 nervi-

174 1807 275 1859 que
326 1791 380 1841 et
429 1788 663 1856 articuli,
713 1788 1051 1841 firmamenta
1097 1788 1263 1841 totius
1311 1791 1364 1841 et
1409 1787 1616 1857 vitalia,
1657 1788 1876 1841 minime

175 1863 415 1933 speciosa
445 1863 587 1932 visu,
626 1863 776 1932 prius
810 1863 1146 1932 ordinantur,
1180 1862 1368 1916 deinde
1400 1863 1552 1931 haec,
1585 1881 1651 1916 ex
1683 1863 1875 1932 quibus

175 1939 346 1991 omnis
397 1938 453 1990 in
503 1938 694 1991 faciem
746 1937 1161 2008 adspectumque
1214 1937 1372 1991 decor
1421 1941 1523 2007 est3
1573 1940 1697 2007 post
1746 1938 1876 1990 haec

175 2013 374 2082 omnia,
407 2013 500 2082 qui
532 2012 762 2066 maxime
795 2013 980 2066 oculos
1012 2014 1175 2082 rapit,
1208 2012 1358 2066 color
1388 2013 1610 2066 ultimus
1639 2012 1875 2081 perfecto

174 2089 279 2141 iam
318 2106 541 2157 corpore
582 2087 905 2140 adfunditur.
983 2088 1117 2140 iram
1166 2088 1296 2156 quin
1340 2088 1541 2156 species
1582 2087 1761 2140 oblata
1800 2087 1877 2139 111-

174 2164 337 2216 iuriae
378 2165 590 2216 moveat
627 2181 738 2216 non
769 2165 849 2216 est
881 2162 1124 2231 dubium3
1164 2161 1254 2215 sed
1286 2164 1466 2214 utrum
1498 2161 1729 2230 speciem
1760 2162 1878 2231 ipsa

176 2239 355 2290 statim
407 2240 660 2306 sequatur
709 2240 761 2289 et
806 2255 917 2289 non
963 2237 1243 2290 accedente
1283 2236 1460 2289 animo
1501 2238 1771 2304 excurrat,
1809 2255 1878 2288 an

156 2313 270 2365 “illo
303 2311 629 2364 adsentiente
661 2314 939 2364 moveatur
970 2311 1286 2380 quaerimus.
1345 2311 1502 2363 nobis
1533 2311 1710 2380 placet
1739 2311 1878 2362 nihil

176 2387 323 2439 illam
355 2405 450 2456 per
482 2405 535 2439 se
568 2385 759 2439 audere
793 2385 883 2439 sed
911 2387 1089 2439 animo
1115 2385 1466 2454 adprobante;
1495 2403 1621 2438 nam
1646 2386 1876 2454 speciem

326 2533 355 2577 2
385 2533 435 2577 in
466 2532 698 2590 procljuia
727 2532 954 2577 uitiorum
985 2533 1031 2577 A
1074 2532 1125 2576 in
1155 2531 1351 2589 proclivi
1380 2532 1601 2576 vitiorum
1634 2531 1834 2589 Madvig]
1861 2532 1876 2590 ΙΙ

175 2593 205 2637 6
241 2607 336 2637 11011
367 2594 553 2648 addidi,
583 2607 639 2637 ne
669 2594 721 2637 in
751 2597 941 2649 utroque
972 2592 1250 2648 quaestionis
1280 2592 1475 2636 membro
1504 2591 1623 2636 idem
1653 2592 1878 2637 diceretur

176 2653 278 2710 (cfr.
303 2667 338 2697 c.
364 2656 407 2708 3,
425 2657 497 2708 4>;
521 2653 656 2698 Gertz
688 2665 773 2696 sua
805 2658 910 2697 ante
941 2653 1107 2708 sponte
1139 2652 1300 2696 delevit
1327 2650 1343 2710 ΙΙ
1377 2651 1400 2694 7
1435 2651 1682 2696 demittere
1706 2650 1776 2696 A5
1807 2650 1877 2694 di-

175 2713 363 2756 mittere
387 2713 457 2757 A²
493 2712 498 2751 Ι
533 2712 618 2756 illa
642 2713 688 2757 A
720 2711 815 2756 alia
850 2713 917 2756 W
940 2711 1115 2756 Gemoll
1148 2710 1164 2771 ΙΙ
1201 2710 1231 2755 8
1261 2711 1413 2768 possit
1442 2721 1470 2755 ς
1501 2716 1543 2756 et
1571 2712 1686 2769 volq.
1718 2712 1878 2767 posset

177 2773 222 2817 A
253 2772 268 2830 ΙΙ
298 2772 327 2816 9
357 2752 523 2816 vitali'a
555 2773 813 2817 Pincianus
842 2773 897 2815 ut
929 2770 1025 2815 alia
1049 2772 1094 2816 A
1125 2770 1141 2830 Η
1179 2770 1234 2815 11
1269 2770 1639 2828 adspectumque
1663 2770 1733 2816 A¹
1763 2784 1873 2815 corr.

177 2833 228 2875 in
261 2834 596 2888 aspectumque
629 2831 698 2876 A⁵
727 2832 778 2875 in
808 2829 929 2875 facie
963 2831 1250 2888 aspectuque
1282 2841 1309 2874 ς
1346 2830 1362 2889 ΙΙ
1404 2829 1462 2874 14
1498 2831 1605 2888 ipsa
1640 2830 1774 2875 Gertz
1805 2830 1876 2886 ip-

179 2905 276 2935 sam
305 2893 349 2936 4

1910 1881 1952 1912 10

1911 2253 1951 2286 15
