2028 3106
180 1161 203 1201 1

682 521 749 581 L.
781 521 1103 582 ANNAEI
1143 522 1507 586 SENECAE

375 668 1165 753 DIALOGORVM
1210 673 1568 756 LIBER
1614 676 1806 758 XII.

797 816 869 850 AD
893 817 1138 851 HELVIAM
1159 819 1384 853 MATREM

747 921 836 965 DE
873 920 1435 965 CONSOLATIONE.

385 1144 426 1199 Ι.
490 1144 662 1215 Saepe
707 1143 836 1215 iam,
884 1147 1054 1198 mater
1101 1145 1328 1215 optima,
1366 1145 1626 1216 impetum
1666 1149 1784 1218 cepi
1823 1166 1946 1203 con-

238 1219 449 1273 solandi
502 1222 580 1287 te,
632 1236 789 1288 saepe
844 1219 1098 1273 continui.
1196 1223 1257 1273 ut
1310 1221 1583 1292 auderem,
1636 1223 1808 1276 multa
1861 1242 1945 1277 me

237 1293 590 1364 inpellebant:
652 1293 888 1363 primum
949 1294 1169 1348 videbar
1230 1295 1569 1366 depositurus
1633 1298 1815 1351 omnia
1868 1298 1946 1350 in-

238 1368 543 1437 commoda,
606 1385 728 1422 cum
788 1369 1036 1423 lacrimas
1091 1373 1232 1438 tuas,
1295 1370 1457 1424 etiam
1512 1371 1558 1425 si
1612 1371 1945 1442 supprimere

236 1461 350 1496 non
386 1443 707 1513 potuissem,
747 1443 963 1497 interim
1003 1447 1144 1497 certe
1176 1444 1564 1516 abstersissem3
1603 1446 1792 1501 deinde
1822 1448 1944 1516 plus

236 1517 549 1572 habiturum
595 1536 682 1571 me
728 1518 1063 1572 auctoritatis
1106 1537 1218 1572 non
1256 1518 1567 1573 dubitabam
1608 1521 1675 1574 ad
1713 1522 1946 1576 excitan-

238 1593 361 1646 dam
400 1596 478 1662 te,
525 1591 572 1646 si
607 1592 756 1661 prior
794 1593 909 1663 ipse
949 1593 1425 1663 consurrexissem3
1474 1598 1749 1663 praeterea
1793 1595 1945 1649 time·

235 1667 384 1736 bam,
422 1685 490 1720 ne
530 1685 562 1718 a
599 1684 685 1719 me
723 1667 866 1721 victa
895 1667 1115 1721 fortuna
1146 1667 1380 1737 aliquem
1412 1685 1655 1721 meorum
1688 1670 1945 1723 vinceret:

237 1740 419 1810 itaque
468 1743 761 1809 utcumque
811 1742 1044 1796 conabar
1092 1759 1257 1795 manu
1307 1759 1468 1812 super
1513 1742 1730 1814 plagam
1769 1761 1944 1796 meam

238 1813 475 1884 inposita
513 1814 580 1866 ad
620 1814 908 1886 obliganda
943 1817 1164 1871 volnera
1193 1820 1372 1871 vestra
1401 1819 1625 1886 reptare.
1690 1817 1795 1871 hoc
1824 1835 1945 1886 pro-

237 1888 478 1959 positum
528 1906 708 1941 meum
759 1893 910 1943 erant
955 1908 1139 1946 rursus
1188 1909 1324 1961 quae
1368 1890 1720 1945 retardarent:
1772 1892 1946 1946 dolori

237 1966 358 2034 tuo,
410 1962 540 2016 dum
591 1980 773 2016 recens
825 1965 1071 2032 saeviret,
1122 1966 1355 2021 sciebam
1401 1966 1788 2022 occurrendum
1833 1985 1946 2021 non

238 2055 374 2107 esse,
429 2055 497 2091 ne
547 2037 703 2090 inum
753 2037 870 2107 ipsa
920 2040 1119 2094 solacia
1167 2040 1450 2095 inrita-rent
1495 2044 1550 2095 et
1595 2041 1946 2096 accenderent

238 2143 312 2150 —-
348 2130 477 2166 nam
516 2111 573 2164 in
612 2111 813 2165 morbis
854 2132 1068 2184 quoque
1106 2114 1244 2168 nihil
1278 2118 1359 2169 est
1388 2115 1742 2185 perniciosius
1783 2133 1944 2185 quam

238 2186 527 2240 immatura
574 2186 837 2240 medicina
874 2207 970 2240 -ε
1020 2189 1368 2258 expectabam
1406 2190 1612 2259 itaque,
1662 2189 1789 2247 dum
1828 2190 1944 2260 ipse

238 2259 375 2314 vires
431 2278 554 2315 suas
609 2260 879 2331 frangeret
928 2265 983 2315 et
1032 2263 1099 2315 ad
1149 2263 1461 2316 sustinenda
1512 2264 1746 2317 remedia
1794 2283 1946 2318 mora

239 2334 515 2405 mitigatus
555 2334 707 2405 tangi
742 2352 798 2387 se
829 2354 891 2389 ac
921 2337 1140 2389 tractari
1170 2339 1455 2406 pateretur.
1518 2341 1790 2406 praeterea
1821 2356 1945 2392 cum

239 2409 420 2461 omnia
470 2409 892 2464 clarissimorum
940 2410 1278 2481 ingeniorum
1326 2411 1657 2465 monimenta
1695 2413 1763 2466 ad
1801 2428 1945 2465 com-

238 2484 530 2552 pescendos
571 2483 1032 2552 moderandosque
1073 2485 1251 2538 luctus
1291 2485 1591 2555 composita
1629 2487 1944 2552 evolverem,

237 2575 351 2611 non
397 2558 734 2613 inveniebam
786 2559 1092 2628 exemplum
1143 2559 1281 2628 eius,
1330 2560 1424 2629 qui
1471 2562 1778 2615 consolatus
1819 2576 1943 2612 suos

179 2645 206 2687 3
238 2633 399 2701 esset,
438 2651 560 2687 cum
599 2634 716 2704 ipse
755 2633 823 2687 ab
863 2633 971 2686 illis
1012 2633 1455 2703 comploraretur:
1500 2635 1577 2689 ita
1614 2636 1673 2688 in
1709 2652 1767 2687 re
1805 2650 1946 2686 nova

387 2761 418 2807 4
449 2777 714 2820 supremere
743 2767 791 2812 A
827 2766 844 2827 ΙΙ
883 2764 940 2810 11
974 2766 1110 2819 erant
1132 2765 1203 2811 Αι
1231 2765 1311 2811 sed
1340 2766 1543 2812 radendo
1574 2780 1689 2812 corr.
1714 2766 1768 2810 in
1799 2765 1902 2809 erat
1935 2764 1940 2823 Ι

237 2822 376 2868 verba
413 2822 504 2867 duo
543 2823 693 2870 dolori
730 2827 813 2870 tuo
850 2830 958 2884 post
995 2825 1197 2871 saeviret
1234 2826 1288 2870 in
1317 2826 1364 2870 A
1394 2827 1624 2873 iterantur
1663 2825 1682 2884 ΙΙ
1721 2823 1781 2870 21
1822 2837 1945 2869 com-

238 2881 454 2939 ploratur
476 2881 546 2926 Αι
575 2896 688 2929 corr.
713 2899 771 2931 m.
797 2887 931 2930 1—2

2000 1465 2019 1498 ὃ

1978 1836 2021 1868 10

1977 2206 2020 2239 15

1977 2575 2020 2607 20
