2034 3086
213 74 318 129 134
549 72 598 116 L.
623 69 860 116 ANNAEI
891 70 1165 117 SENECAE
1197 72 1354 118 DIAL.
1380 73 1491 117 LIB.
1516 72 1573 119 V.

152 209 174 248 1
358 193 555 248 XXIV.
606 193 765 248 Dicat
795 194 975 263 itaque
1008 194 1110 248 sibi
1134 195 1382 264 quisque,
1422 195 1669 264 quotiens
1700 196 1910 250 lacessi-

207 272 318 321 tur:
381 268 661 336 ‘numquid
714 269 986 338 potentior
1047 287 1166 323 sum
1212 268 1505 353 Philippo?
1596 271 1677 323 illi
1730 274 1910 324 tamen

209 344 428 412 impune
466 343 605 395 male
646 343 849 396 dictum
890 346 981 396 est.
1036 343 1300 412 numquid
1337 344 1394 396 in
1433 343 1592 398 domo
1632 363 1751 398 mea
1788 346 1909 415 plus

209 436 430 487 possum
471 434 632 486 quam
671 420 788 471 toto
829 417 956 470 orbe
994 420 1256 470 terrarum
1297 418 1451 472 divus
1493 416 1772 490 Augustus
1818 438 1911 489 po·

209 491 352 544 tuit?
442 491 534 545 ille
591 494 773 545 tamen
830 494 1112 546 contentus
1162 491 1267 544 fuit
1319 511 1350 544 a
1400 493 1759 547 conviciatore
1814 513 1910 548 suo
1967 510 1985 541 ⁵

151 580 176 619 2
212 566 485 620 secedere'
527 566 656 636 quid
696 570 777 620 est
817 584 978 635 quare
1011 584 1111 637 ego
1157 565 1294 619 servi
1325 567 1430 619 11101
1462 567 1655 621 clarius
1694 586 1912 638 respon-

212 659 330 694 sum
385 643 439 694 et
485 641 941 695 contumaciorem
987 641 1196 694 voltum
1250 644 1303 693 013
1350 659 1462 693 11011
1515 642 1910 710 pervenientem

209 733 379 784 usque
426 714 492 767 ad
535 733 619 767 me
666 715 1144 768 murmurationem
1188 715 1414 786 flagellis
1466 718 1520 768 et
1566 716 1911 800 compedibus

210 787 463 859 expiem?
540 789 660 858 quis
702 792 845 858 sum,
875 789 1027 843 cuius
1069 808 1222 843 aures
1260 789 1400 843 laedi
1434 789 1585 844 nefas
1626 790 1774 844 sit?
1761 809 1914 861 igno·

211 866 403 917 verunt
455 863 615 916 multi
654 863 923 918 hostibus:
975 882 1075 934 ego
1115 883 1226 917 non
1269 865 1545 935 ignoscam
1584 866 1777 937 pigris,
1825 881 1988 919 ne-1o

152 951 177 991 3
209 939 573 1010 glegentibus,
613 938 879 1010 garrulis?
939 957 1164 1008 puerum
1205 942 1349 993 aetas
1382 942 1618 1008 excuset,
1658 940 1912 993 feminam

212 1033 389 1083 sexus,
444 1017 755 1067 extraneum
816 1013 1058 1082 libertas,
1141 1014 1495 1067 domesticum
1563 1015 1912 1068 familiaritas.

209 1107 354 1142 nunc
391 1088 628 1158 primum
669 1088 913 1142 offendit:
963 1089 1258 1159 cogitemus
1300 1107 1460 1157 quam
1501 1089 1592 1142 diu
1631 1090 1916 1159 placuerit3

211 1181 367 1233 saepe
425 1166 478 1216 et
533 1164 663 1216 alias
722 1163 967 1216 offendit:
1037 1163 1269 1216 feramus
1334 1162 1477 1231 quod
1531 1164 1624 1217 diu
1677 1165 1913 1218 tulimus

211 1238 414 1291 amicus
455 1241 560 1291 est:
599 1237 728 1291 fecit
761 1237 906 1306 quod
936 1238 1136 1307 noluit3
1176 1238 1446 1291 inimicus:
1486 1237 1614 1291 fecit
1647 1239 1792 1308 quod
1831 1239 1916 1292 de·
1949 1253 1989 1285 1⁵

152 1324 179 1364 4
210 1312 342 1365 buit.
419 1311 754 1382 prudentiori
794 1312 1097 1382 credamus,
1146 1313 1381 1366 stultiori
1420 1313 1779 1382 remittamus;
1817 1331 1914 1382 pro

213 1404 552 1456 quocumque
607 1386 743 1439 illud
795 1387 952 1441 nobis
1006 1387 1446 1456 respondeamus,
1494 1387 1915 1457 sapientissimos

212 1479 425 1531 quoque
457 1461 602 1514 viros
635 1462 808 1513 multa
839 1461 1170 1530 delinquere,
1208 1462 1476 1514 neminem
1516 1481 1629 1515 esse
1667 1465 1778 1514 tam
1818 1462 1916 1515 cir-

211 1538 603 1605 cumspectum,
644 1535 795 1589 cuius
850 1554 972 1589 non·
999 1535 1279 1607 diligentia
1325 1536 1612 1605 aliquando
1662 1536 1762 1589 sibi
1801 1536 1917 1605 ipsa

211 1609 444 1679 excidat,
482 1610 750 1663 neminem
789 1613 900 1663 tam
933 1613 1227 1679 maturum,
1267 1610 1417 1663 cuius
1456 1628 1567 1663 non
1598 1611 1917 1681 gravitatem
1949 1624 1992 1657 20
2033 1642 2034 1645 =

211 1685 268 1737 in
322 1684 541 1753 aliquod
592 1685 848 1738 fervidius
903 1685 1104 1739 factum
1147 1703 1299 1738 casus
1331 1685 1599 1756 inpingat,
1649 1686 1917 1738 neminem
2032 1735 2034 1738 ,

211 1763 322 1812 tam
362 1759 614 1812 timidum
655 1759 1001 1829 offensarum,
1040 1759 1131 1829 qui
1170 1778 1280 1813 non
1319 1759 1377 1812 in
1414 1759 1558 1828 illas,
1599 1759 1726 1812 dum
1766 1760 1918 1828 vitat,
2030 1744 2034 1815 1

212 1834 426 1888 incidat.

155 1920 177 1959 1
362 1907 531 1962 XXV.
588 1907 868 1972 Quomodo
900 1908 1109 1962 homini
1141 1909 1339 1978 pusillo
1381 1907 1638 1963 solacium
1679 1908 1735 1961 in
1763 1909 1917 1962 malis

213 1983 320 2036 fuit
367 1984 530 2037 etiam
577 2000 898 2054 magnorum
945 1984 1183 2037 virorum
1234 1983 1465 2037 titubare
1512 1983 1806 2052 fortunam,
1866 1986 1919 2036 et
1951 1996 1993 2030 25

214 2058 465 2128 aequiore
505 2059 684 2111 animo
723 2057 897 2111 filium
938 2058 994 2110 in
1033 2059 1230 2129 angulo
1270 2058 1440 2127 flevit,
1482 2059 1574 2128 qui
1605 2058 1739 2111 vidit
1777 2075 1918 2111 acer·
2026 2062 2028 2067 ’

212 2133 282 2185 ba
311 2132 501 2187 funera
540 2133 701 2186 etiam
734 2152 799 2185 ex
829 2133 978 2203 regia
1017 2133 1161 2201 duci,
1201 2133 1277 2186 sic
1317 2133 1496 2186 animo
1536 2133 1783 2202 aequiore
1815 2132 1919 2186 fert

215 2207 280 2260 ab
320 2207 503 2276 aliquo
541 2208 704 2275 laedi,
744 2208 809 2260 ab
850 2207 1030 2275 aliquo
1071 2208 1369 2276 contemni,
1416 2208 1733 2276 cuicumque
1771 2207 1920 2260 venit

215 2282 272 2334 in
324 2284 559 2334 mentem
614 2282 819 2334 nullam
877 2300 991 2335 esse
1044 2284 1248 2334 tantam
1289 2282 1611 2351 potentiam,
1659 2282 1716 2333 in
1756 2299 1917 2350 quam

156 2368 181 2407 2
215 2373 325 2408 non
365 2359 610 2409 occurrat
648 2355 854 2408 iniuria.
913 2355 1056 2424 quod
1089 2357 1133 2408 si
1166 2357 1326 2409 etiam
1359 2355 1761 2426 prudentissimi
1801 2373 1919 2424 pec·
1951 2370 1993 2402 30

367 2531 395 2576 1
426 2530 674 2576 lacessitur
696 2531 766 2576 A⁵
798 2531 832 2589 (i
855 2533 907 2576 i‘n
929 2545 1022 2577 ras.
1049 2546 1140 2588 pro
1171 2533 1331 2589 aliqua
1362 2533 1535 2586 littera,
1565 2546 1703 2588 quam
1733 2532 1827 2576 iam
1852 2531 1918 2575 A¹

208 2595 386 2647 pwncto
416 2597 654 2637 notaverat
683 2597 726 2637 et
759 2591 777 2636 i
807 2605 950 2648 supra
979 2593 1226 2648 scripserat
1234 2609 1251 2646 ‚·
1288 2606 1399 2637 ‘num
1437 2605 1462 2636 0
1499 2592 1663 2646 fuerit,
1702 2596 1755 2636 ut
1790 2591 1921 2635 Koch

215 2651 375 2705 credit,
420 2651 557 2696 Gertz
593 2651 725 2696 valde
763 2651 961 2707 dubitat)
1003 2651 1019 2710 ΙΙ
1060 2650 1090 2695 4
1120 2656 1227 2708 ais.
1260 2652 1305 2695 A
1335 2651 1351 2710 Η
1391 2651 1420 2695 9
1452 2650 1583 2695 nefas
1617 2653 1663 2695 A
1698 2652 1858 2708 (supra
1890 2665 1919 2693 n

217 2710 389 2755 lineola
420 2710 512 2755 vid
542 2724 673 2756 erasa
704 2712 813 2768 esse)
851 2710 868 2770 ΙΙ
906 2710 965 2754 16
995 2724 1281 2767 precumque
1312 2710 1394 2766 A,
1426 2711 1505 2756 sed
1539 2724 1630 2767 quo
1662 2724 1697 2755 s.
1722 2724 1762 2754 v.
1788 2710 1918 2754 adcli-

218 2774 315 2814 tum
345 2770 439 2815 vid.
465 2770 620 2816 eadem
650 2785 792 2815 manu
822 2770 838 2829 Η
867 2769 926 2814 22
953 2770 1040 2829 tall
1059 2771 1104 2815 A
1137 2772 1268 2829 (eras.
1293 2770 1382 2815 vid
1409 2785 1441 2814 n
1463 2784 1558 2816 mm
1580 2784 1653 2824 m;
1675 2783 1789 2815 corr.
1813 2769 1918 2823 fort

217 2843 276 2874 m.
294 2828 411 2947 2181011
453 2828 513 2875 30
545 2832 758 2875 occurrat
782 2831 827 2875 A
859 2830 957 2874 inc·
989 2841 1017 2875 ς
1048 2830 1148 2889 (cfr.
1183 2830 1244 2874 Ε.
1275 2831 1468 2876 Thomas
1501 2831 1658 2875 Herm.
1685 2829 1927 2874 XXVIII

211 2903 262 2944 P·
