2034 3086
579 50 662 97 DE
693 49 800 96 IRA
831 50 944 96 LIB.
968 51 1005 97 1.
1059 50 1190 98 CAP.
1218 54 1288 96 10.
1314 55 1369 96 11
1758 51 1828 107 57

125 175 346 229 inertiae
385 176 541 244 iram,
580 173 765 227 timori
803 172 1193 245 cupiditatem}
1256 173 1400 243 apsit
1437 173 1542 227 hoc
1573 191 1605 226 a
1634 172 1833 226 virtute
1855 164 1889 227 ⁷2

124 250 347 319 malum,
407 254 471 303 ut
521 265 779 318 umquam
831 249 969 302 ratio
1024 248 1091 302 ad
1145 248 1279 302 vitia
1331 247 1632 320 confugiat!
1722 265 1834 301 non

124 328 304 395 potest
350 325 441 379 hic
489 324 700 378 animus
750 321 907 375 fidele
957 323 1128 376 otium
1173 341 1385 394 capere,
1435 322 1709 394 quatiatur
1744 340 1834 375 ne-

124 418 270 454 cesse
319 403 402 454 est
448 398 867 467 fluctueturque‚
918 396 1013 466 qui
1050 398 1206 452 malis
1246 399 1357 452 suis
1396 401 1545 453 tutus
1586 400 1688 467 est,
1740 397 1834 467 qui

123 475 280 529 fortis
334 492 449 527 esse
497 472 605 525 nisi
658 471 908 526 irascitur
958 490 1072 525 ιιοιι
1124 475 1325 541 potest,
1379 473 1675 527 industrius
1726 472 1834 526 nisi

122 550 296 677 3pit,
323 548 560 675 aqiuietus
592 546 716 675 aridiisi
746 547 943 675 timet:
982 546 1051 631 ‘in
1065 546 1403 675 ttmtgie
1424 548 1507 601 illi
1544 547 1836 676 Vivendgnss

122 641 348 750 virtiintes
387 639 788 750 {mgflenteffm
808 639 1109 750 SVixfflffil
1129 639 1471 750 ggglsstemxp
1519 641 1834 750 dlgiiidleudg·
1865 710 1892 751 3

123 772 254 826 sinit
291 772 580 842 quicquam
612 790 770 841 posse
801 772 963 840 ratic,
1002 771 1050 825 si
1078 771 1219 825 m'hil
1248 774 1430 842 potest
1459 771 1575 826 sine
1606 771 1834 842 adfectu,

123 850 178 901 et
214 847 407 917 incipit
444 865 544 917 par
580 847 664 900 illi
702 812 1002 917 similisque
1041 864 1168 901 esse.
1247 846 1378 932 quid
1417 847 1560 901 enim
1598 847 1834 917 interest,

123 922 169 976 si
208 940 376 994 aeque
414 922 655 977 adfectus
695 922 1001 976 inconsulta
1038 940 1122 976 res
1162 924 1245 976 est
1281 922 1396 976 sine
1434 922 1642 976 ratione
1674 939 1835 992 quam

122 997 260 1052 ratio
312 998 427 1051 sine
477 997 691 1051 adfectu
741 996 1029 1052 inefficax?
1105 1016 1204 1068 par
1252 999 1542 1068 utrumque
1589 1000 1691 1067 est,
1740 997 1834 1050 ubi

123 1091 238 1126 esse
275 1073 503 1126 alterum
541 1074 656 1126 sine
694 1073 863 1127 altero
901 1091 1014 1126 non
1051 1075 1243 1142 potest.
1300 1073 1421 1143 quis
1461 1075 1639 1126 autem
1680 1072 1835 1127 susti·

121 1150 248 1201 neat
295 1146 565 1202 adfectum
619 1165 914 1216 exaequare
967 1146 1201 1201 rationi?
1276 1146 1389 1201 v‘ita'
1442 1148 1621 1218 inquit
1667 1147 1835 1202 ‘utilis
1865 1159 1894 1200 4

123 1221 364 1276 adfectus
411 1225 514 1289 est,
561 1222 608 1275 si
654 1222 896 1275 modicus
952 1221 1066 1275 est?
1142 1222 1307 1276 immo
1358 1222 1405 1276 si
1453 1226 1646 1276 natura
1684 1222 1834 1276 utilis

124 1300 217 1350 est.
273 1296 366 1350 sed
398 1297 440 1349 si
483 1295 751 1365 inpatiens
789 1296 1002 1365 imperii
1039 1296 1370 1365 rationisque
1410 1300 1512 1365 est,
1550 1298 1655 1352 hoc
1686 1298 1836 1351 dum-

123 1373 275 1423 taxat
324 1369 689 1423 moderatione
739 1372 1118 1439 consequetur,
1161 1373 1223 1423 ut
1273 1388 1381 1440 quo
1431 1372 1609 1425 minor
1658 1372 1835 1441 fuerit,

125 1444 303 1497 minus
339 1448 553 1498 noceat:
592 1463 720 1516 ergo
760 1444 1002 1499 modicus
1050 1445 1271 1499 affectus
1310 1445 1450 1498 nihil
1487 1446 1634 1499 aliud
1674 1465 1835 1516 quam

124 1518 327 1573 malum
366 1519 637 1574 modicum
676 1523 769 1573 est.

272 1592 364 1648 XI.
405 1592 529 1648 ‘Sed
583 1594 836 1649 adversus
898 1594 1099 1649 hostes’
1153 1595 1332 1666 inquit
1385 1594 1702 1650 ‘necessaria
1755 1599 1837 1650 est
1868 1608 1891 1649 1

123 1668 237 1723 ira.’
291 1687 559 1741 nusquam
597 1671 798 1725 minus:
838 1670 931 1724 ubi
967 1688 1080 1725 non
1118 1670 1315 1725 effusos
1348 1689 1462 1725 esse
1494 1673 1710 1742 oportet
1739 1671 1835 1725 im-

122 1748 279 1815 petus
330 1745 422 1799 sed
472 1749 798 1816 temperatos
846 1749 900 1799 et
946 1745 1302 1801 oboedientes.
1388 1746 1518 1817 quid
1565 1747 1708 1801 enim
1755 1749 1836 1802 est

121 1818 269 1873 aliud
301 1819 446 1890 quod
476 1820 732 1875 barbaros
763 1824 916 1874 tanto
949 1822 1279 1875 robustiores
1311 1822 1650 1891 corporibus,
1680 1825 1834 1876 tanto

123 1894 469 1963 patientiores
517 1895 766 1949 laborum
822 1896 1151 1949 comminuat
1199 1895 1306 1949 nisi
1355 1896 1436 1949 ira
1488 1896 1836 1951 infestissima

123 1967 263 2021 sibi?
338 1969 662 2040 gladiatores
702 1987 917 2040 quoque
956 1988 1041 2023 ars
1079 1973 1282 2039 tuetur,
1323 1970 1402 2024 ira
1439 1970 1686 2025 denudat.
1749 1971 1835 2026 de-
1865 1982 1892 2023 2

123 2041 247 2095 inde
286 2043 416 2112 quid
451 2063 587 2115 opus
627 2048 709 2099 est
747 2045 846 2113 ira,
886 2062 1008 2099 cum
1048 2044 1189 2099 idem
1228 2045 1478 2115 proficiat
1515 2046 1691 2100 ratio?
1766 2065 1835 2100 an

123 2119 183 2170 tu
227 2120 383 2186 putas
424 2123 730 2173 venatorem
769 2119 926 2174 irasci
967 2118 1131 2174 feris?
1183 2120 1335 2190 atqui
1374 2123 1428 2173 et
1454 2122 1716 2175 venientis
1749 2139 1835 2174 ex-

123 2191 258 2320 ἓξὲξ
291 2191 673 2337 ,ἰῖωὼεῗὲἶῗ
691 2195 1836 2340 οῗᾷῗῖἓῖἑῗτθῗωὲῒέἑξέῗιέῗὲιᾶἷὲ

123 2341 406 2469 :gperfusa
429 2339 662 2410 Alpibus
688 2343 763 2470 itta
794 2345 1034 2472 eustadii?
1074 2347 1135 2398 ut
1164 2347 1353 2472 tanrttafi
1385 2345 1551 2488 clpdis
1571 2345 1832 2472 ιιοιιιὺιειιὲ

241 2434 367 2470 suos
417 2433 528 2469 non
577 2434 689 2469 nun
716 2435 798 2470 ius
850 2437 905 2471 se
1015 2437 1136 2472 ama
1214 2437 1241 2472 e
1355 2437 1430 2472 eri
1527 2438 1633 2474 ιιιει
1725 2437 1795 2473 uo
1911 2440 1953 2450 ,‚

123 2494 238 2544 erat
275 2490 418 2544 illis
424 2490 504 2543 ira
542 2508 640 2560 pro
679 2490 914 2546 virtute?
989 2510 1125 2563 quae
1163 2437 1226 2547 ιιι,
1263 2460 1551 2563 aliquaiido
1591 2439 1834 2565 propulit

275 2636 300 2683 1
346 2636 472 2682 absit
507 2635 579 2683 A’
625 2635 673 2693 <b
712 2651 769 2683 ex
807 2652 839 2696 p
878 2640 1012 2710 corr.)
1057 2638 1076 2698 ΙΙ
1117 2637 1165 2758 81
1187 2652 1244 2685 ca
1306 2654 1378 2695 re,
1450 2641 1664 2688 uatiatur
1697 2639 1832 2686 Gertz

124 2697 174 2741 in
386 2700 435 2753 e,
477 2697 592 2755 volq.
637 2709 825 2755 capere.
870 2698 1247 2759 quatiatur-111
1319 2700 1426 2746 simi
1447 2700 1487 2819 il.
1522 2714 1581 2746 ue
1624 2713 1739 2746 corr.
1775 2714 1832 2746 ex

253 2769 396 2813 eoque
421 2733 532 2813 ’ἴση
559 2755 627 2802 A¹
656 2757 675 2826 Ι]
710 2756 771 2802 20
800 2758 958 2815 inquit
980 2760 1026 2805 A
1058 2761 1220 2817 (cupra
1250 2774 1281 2818 q
1311 2759 1464 2819 mal)
1534 2759 1559 2805 7
1591 2759 1831 2806 etuenien-

125 2815 188 2860 tiu
211 2817 256 2862 A
282 2818 436 2874 (prior
457 2819 480 2862 t
502 2822 694 2874 pum-m
722 2818 962 2922 notatam
945 2817 1051 2875 128
1075 2819 1123 2864 et
1146 2817 1382 2877 fugientes
1454 2824 1581 2865 mter
1603 2817 1831 2878 effugien-

126 2874 187 2918 ti·
212 2877 256 2920 A
293 2878 299 2933 Ι
333 2875 651 2934 persequitur:
685 2890 844 2922 omma
991 2878 1091 2924 nine
1122 2878 1194 2923 ira
1225 2878 1354 2925 facit.
1397 2877 1511 2935 quid
1545 2876 1591 2924 C.
1626 2879 1832 2926 Karsten
