2028 3106
73 902 116 934 10

283 89 368 133 AD
400 85 725 134 PAVLINVM
754 87 837 132 DE
868 88 1221 135 BREVITATE
1243 89 1432 136 VITAE
1465 89 1594 137 CAP.
1620 95 1676 137 20
1747 93 1856 148 309

149 211 407 282 inprobos
446 209 684 264 invalida
721 210 929 265 defecit.
996 211 1184 266 foedus
1224 213 1339 283 ille,
1379 230 1538 282 quem
1570 213 1628 267 in
1657 213 1856 269 iudicio
1889 229 1916 269 2

147 304 248 357 pro
279 284 633 357 ignotissimis
664 285 1030 357 litigatoribus
1062 288 1318 357 grandem
1349 291 1483 342 natu
1514 291 1568 342 et
1597 288 1858 359 inperitae

149 378 378 414 coronae
430 360 764 415 assensiones
820 364 1126 431 captantem
1181 363 1400 431 spiritus
1449 363 1634 433 liquit3
1683 364 1858 434 turpis

147 435 262 505 ille,
317 435 412 505 qui
461 434 691 488 vivendo
739 436 915 489 lassus
967 435 1127 490 citius
1167 454 1328 505 quam
1374 437 1671 492 laborando
1718 438 1860 492 inter

147 510 267 580 ipsa
320 509 502 564 officia
556 510 842 580 conlapsus
897 513 1001 580 est3
1062 512 1259 581 turpis,
1319 529 1478 581 quem
1533 512 1857 583 accipiendis

147 585 526 638 inmorientem
574 584 872 638 rationibus
924 585 1017 638 diu
1063 588 1267 639 tractus
1309 586 1428 640 risit
1464 587 1631 641 heres.
1709 606 1859 658 prae·
1889 602 1916 643 3
2021 603 2028 610 ·

147 660 308 713 terire
370 658 515 727 quod
580 658 715 712 mihi
778 660 1012 713 occurrit
1074 660 1382 730 exemplum
1442 680 1553 715 non
1612 680 1859 733 possum:

149 732 199 787 S.
226 733 531 787 Turannius
581 733 686 786 fuit
737 737 955 788 exactae
1006 734 1318 806 diligentiae
1369 754 1550 806 senex,
1603 737 1696 806 qui
1733 740 1860 808 post

147 826 348 862 annum
402 808 837 879 nonagesimum,
895 826 1018 862 cum
1072 810 1410 864 vacationem
1463 812 1858 881 procurationis

146 884 212 937 ab
254 881 309 937 C.
335 880 556 936 Caesare
595 884 739 937 ultro
780 884 1094 954 accepisset,
1142 885 1399 955 componi
1437 903 1493 940 se
1531 885 1588 940 in
1624 888 1765 942 lecto
1806 890 1860 941 et
1897 910 1909 937 φ
1989 910 1996 930 ‡
2026 953 2028 956 .

145 958 295 1012 velut
345 957 643 1012 exanimem
690 977 723 1011 a
762 959 1144 1014 circumstante
1194 959 1400 1014 familia
1449 961 1637 1033 plangi
1686 962 1856 1016 iussit.
1899 981 1904 989 ’

143 1033 368 1104 lugebat
421 1033 612 1087 domus
667 1033 840 1087 otium
894 1033 1100 1088 domini
1155 1035 1296 1089 senis
1350 1053 1450 1089 nec
1503 1036 1682 1091 finivit
1734 1040 1858 1091 ante

143 1108 446 1177 tristitiam,
484 1127 647 1178 quam
684 1108 839 1162 labor
878 1109 958 1162 illi
998 1127 1125 1163 suus
1165 1110 1446 1164 restitutus
1486 1114 1580 1164 est.
1657 1112 1858 1166 adeone

143 1182 295 1236 iuvat
349 1187 668 1253 occupatum
723 1182 900 1237 mori?
974 1183 1115 1238 idem
1166 1185 1438 1254 plerisque
1489 1187 1698 1241 animus
1754 1190 1858 1242 est:
1888 1201 1917 1242 4

144 1257 346 1311 diutius
398 1258 664 1328 cupiditas
715 1258 825 1312 illis
863 1258 1066 1312 laboris
1107 1277 1270 1329 quam
1308 1259 1536 1314 facultas
1578 1265 1683 1332 est3
1733 1280 1857 1316 cum

143 1333 494 1387 inbecillitate
534 1333 777 1403 corporis
817 1338 1085 1405 pugnant,
1124 1336 1453 1388 senectutem
1493 1336 1667 1405 ipsam
1704 1337 1856 1391 nullo

143 1407 250 1462 alio
290 1408 508 1462 nomine
547 1426 767 1479 gravem
807 1409 1066 1479 iudicant,
1100 1428 1263 1479 quam
1296 1410 1442 1479 quod
1473 1411 1597 1484 illos
1630 1412 1856 1482 seponit.

141 1483 231 1536 lex
270 1501 302 1536 a
341 1483 790 1554 quinquagesimo
838 1502 979 1537 anno
1028 1485 1257 1538 militem
1296 1502 1407 1538 non
1445 1480 1601 1557 legit,
1640 1505 1672 1539 a
1710 1503 1858 1540 sexa·-

142 1556 348 1629 gesimo
400 1562 703 1612 senatorem
752 1576 864 1612 non
915 1559 1068 1613 citat:
1119 1558 1394 1613 difficilius
1444 1560 1690 1614 homines
1730 1580 1763 1614 a
1801 1578 1857 1616 se

143 1633 316 1686 otium
355 1632 649 1703 impetrant
687 1651 849 1703 quam
888 1653 920 1688 a
957 1635 1091 1706 lege.
1155 1634 1370 1688 interim
1411 1635 1539 1689 dum
1571 1636 1857 1706 rapiuntur
1887 1650 1915 1691 5

142 1711 198 1762 et
246 1707 488 1778 rapiunt,
541 1707 670 1762 dum
721 1709 857 1763 alter
906 1710 1126 1764 alterius
1179 1709 1414 1780 quietem
1460 1711 1687 1781 rumpit,
1727 1711 1856 1765 dum

142 1786 334 1837 mutuo
374 1782 555 1838 miseri
594 1786 742 1855 sunt,
780 1784 893 1838 vita
923 1788 1005 1839 est
1036 1784 1150 1839 sine
1180 1785 1382 1855 fructu,
1416 1786 1530 1840 sine
1561 1787 1855 1857 voluptate,

142 1858 258 1912 sine
304 1858 418 1913 ullo
466 1858 714 1929 profectu
759 1859 947 1914 animi:
998 1878 1157 1914 nemo
1197 1860 1254 1914 in
1293 1860 1584 1932 conspicuo
1625 1865 1854 1916 mortem

140 1932 328 2003 habet,
376 1951 536 1988 nemo
586 1953 699 1989 non
747 1936 939 2006 procul
989 1953 1110 2007 spes
1163 1935 1414 2007 intendit,
1468 1937 1686 2007 quidam
1725 1956 1853 1992 vero

141 2008 437 2079 disponunt
486 2009 649 2064 etiam
697 2011 813 2081 illa,
865 2029 1001 2082 quae
1047 2011 1192 2065 ultra
1223 2011 1392 2065 vitam
1433 2015 1581 2082 sunt,
1632 2031 1853 2085 magnas

141 2084 311 2138 moles
350 2085 723 2155 sepulcrorum
761 2089 816 2140 et
853 2105 1078 2157 operum
1118 2086 1460 2157 publicorum
1493 2088 1853 2143 dedicationes

140 2163 196 2214 et
245 2158 312 2213 ad
362 2178 557 2232 rogum
607 2179 831 2215 munera
877 2165 932 2216 et
977 2161 1289 2216 ambitiosas
1329 2163 1595 2233 exequias.
1674 2167 1730 2217 at
1767 2182 1854 2218 me
1930 2228 1935 2231 ¹

139 2234 385 2288 hercules
436 2236 663 2290 istorum
714 2236 927 2307 funera,
964 2239 1242 2306 tamquam
1281 2237 1567 2292 minimum
1606 2237 1856 2309 vixerint,

140 2309 207 2364 ad
247 2309 389 2364 faces
429 2313 483 2364 et
522 2329 703 2366 cereos
744 2312 987 2367 ducenda
1025 2315 1165 2366 sunt.

288 2457 318 2503 2
363 2463 470 2515 post
518 2458 744 2516 grandem
792 2461 909 2505 natu
951 2465 1035 2506 aut
1075 2459 1420 2507 declamantem
1458 2463 1558 2507 sim.
1591 2462 1854 2508 addendum

138 2521 223 2563 aut
264 2519 313 2563 et
354 2518 606 2565 tollendum
648 2525 796 2566 censet
838 2520 973 2567 Gertz
1019 2520 1025 2580 Ι
1072 2520 1323 2579 imperitae
1361 2522 1474 2580 voly.
1516 2522 1728 2579 inpedite
1759 2523 1807 2568 A
1837 2522 1854 2583 ΙΙ

137 2577 168 2622 8
200 2578 492 2624 assensiones
525 2580 571 2625 A
601 2580 681 2625 sed
712 2593 763 2625 as
796 2594 831 2626 s.
856 2596 897 2626 v.
923 2580 1031 2626 add.
1057 2580 1128 2626 A⁸
1166 2581 1184 2641 11
1225 2581 1255 2626 5
1292 2582 1414 2627 inter
1451 2582 1603 2639 turpis
1639 2588 1681 2628 et
1712 2596 1851 2640 quem

140 2651 211 2698 A⁶
246 2666 282 2699 s.
315 2668 356 2699 υ.
396 2653 478 2699 ille
521 2654 707 2700 addidit
747 2654 765 2715 ΙΙ
809 2654 839 2700 8
882 2654 926 2700 S.
960 2654 1227 2700 Turannius
1270 2655 1406 2702 Gertz
1452 2646 1717 2714 styrannius
1752 2658 1799 2703 A
1836 2656 1854 2717 Η

139 2711 663 2819 ἒὲτὲεΞίἎΒοπᾳατείαε
700 2714 823 2773 tegit
845 2716 892 2761 A
925 2714 995 2773 (ai
1023 2716 1152 2774 cogit
1181 2716 1235 2761 in
1264 2730 1408 2775 mary.
1435 2716 1521 2774 ΑΘ)
1551 2717 1568 2777 Η
1606 2716 1666 2762 26
1696 2716 1852 2775 pupli-

290 2861 478 2909 Subscri
510 2865 677 2910 tionem
701 2866 846 2910 minio
871 2866 1047 2923 pictam
1070 2865 1191 2911 hanc
1211 2866 1347 2912 habet
1369 2867 1503 2912 liber:
1535 2866 1583 2910 L.
1602 2865 1656 2912 A.
1676 2865 1851 2927 Seneca

140 2920 214 2966 Ad
246 2921 449 2968 Paulinfi
525 2937 551 2969 6
582 2922 819 2970 breuitate
850 2925 951 2985 uite
983 2924 1179 2983 explicit
1219 2957 1304 2967 “vx
1352 2926 1357 2986 Ι
1409 2925 1461 2971 In
1501 2926 1544 2971 ci
1583 2926 1657 2983 pit
1693 2927 1852 2986 ΛΜΝ]
