2028 3106
92 880 136 913 10

92 1253 134 1288 15

212 68 296 113 AD
328 68 652 114 PAVLmVM
681 68 764 114 DE
795 67 1146 114 BREVITATE
1169 67 1356 115 VITAE
1390 68 1517 115 CAP.
1546 74 1613 115 11.
1642 74 1696 115 12
1765 71 1876 127 295

170 191 238 245 ab
278 191 528 246 omnibus
566 191 905 259 recesserint,
942 190 1047 244 sibi
1078 191 1184 260 ipsi
1214 192 1429 246 molesti
1460 195 1607 246 sunt:
1648 209 1875 262 quorum

167 284 281 321 non
327 267 502 320 otiosa
546 267 658 319 vita
703 265 929 319 dicenda
974 268 1077 335 est,
1123 265 1216 319 sed
1263 266 1530 321 desidiosa
1577 267 1873 338 occupatio.

168 341 324 395 illum
370 344 431 394 tu
479 341 712 394 otiosum
757 357 918 394 vocas
967 340 1061 410 qui
1108 338 1408 410 Corinthia,
1454 360 1750 411 paucorum
1795 341 1875 395 fu·
1948 327 1957 403 ’ἢ

167 434 288 470 rore
337 415 597 485 pretiosa,
645 414 804 467 anxia
854 415 1155 484 suptilitate
1201 415 1489 469 concinnat
1526 420 1580 470 et
1619 418 1874 471 maiorem
1959 427 1963 461 ἑ

169 491 375 544 dierum
414 491 621 557 partem
660 489 718 541 in
756 490 1090 560 aeruginosis
1127 489 1359 555 lamellis
1398 491 1706 544 consumit?
1782 491 1875 562 qui
1957 508 1966 566 g

167 565 226 618 in
271 565 537 632 ceromate
584 560 758 634 (nam,
803 582 903 634 pro
941 564 1173 619 facinus!
1249 582 1318 618 ne
1356 562 1616 618 Romanis
1657 566 1875 635 quidem

166 638 314 691 vitiis
351 635 685 710 laboramus)
725 642 996 709 spectator
1034 657 1322 709 puerorum
1361 639 1654 693 rixantium
1693 639 1877 694 sedet?

168 711 262 782 qui
299 711 660 767 iumentorum
701 732 920 768 suorum
952 732 1141 786 greges
1173 714 1231 767 in
1261 713 1517 767 aetatium
1548 717 1603 767 et
1633 714 1876 768 colorum

165 786 318 857 paria
356 787 597 842 diducit?
667 789 760 859 qui
799 788 1028 843 athletas
1066 788 1389 843 novissimos
1429 788 1638 858 pascit?
1708 789 1875 858 quid?

165 861 290 916 illos
323 863 527 917 otiosos
558 882 741 932 vocas,
782 864 978 934 quibus
1010 866 1143 933 aput
1172 867 1445 918 tonsorem
1477 863 1678 917 multae
1709 863 1874 917 horae

165 938 626 1008 transmittuntur,
666 939 794 992 dum
834 939 1161 1009 decerpitur,
1198 939 1245 992 si
1278 938 1407 1008 quid
1438 938 1686 1008 proxima
1714 941 1874 992 nocte

166 1011 455 1082 subcrevit,
477 1013 603 1067 dum
630 1014 695 1067 de
719 1014 948 1085 singulis
972 1014 1183 1084 capillis
1207 1013 1270 1067 in-
1288 1013 1575 1068 consilium
1599 1013 1722 1082 itur,
1746 1012 1873 1067 dum

165 1090 261 1141 aut
306 1088 529 1142 disiecta
574 1106 730 1142 coma
774 1089 1079 1142 restituitur
1123 1093 1217 1143 aut
1255 1089 1507 1144 deficiens
1545 1088 1674 1143 hinc
1713 1091 1875 1158 atque

165 1162 318 1217 illinc
371 1163 430 1216 in
483 1162 717 1217 frontem
774 1163 1154 1234 compellitur?
1231 1163 1501 1234 quomodo
1554 1164 1874 1232 irascuntur,

165 1238 213 1291 si
250 1241 439 1292 tonsor
476 1239 640 1308 paulo
671 1239 1047 1310 neglegentior
1075 1239 1201 1308 fuit,
1240 1243 1517 1309 tamquam
1549 1240 1726 1292 virum
1757 1241 1874 1296 ton-

165 1312 335 1366 deret!
413 1312 684 1382 quomodo
735 1313 1151 1381 excandescunt,
1206 1314 1252 1367 si
1304 1314 1434 1384 quid
1484 1332 1551 1368 ex
1598 1313 1728 1368 iuba
1778 1331 1875 1367 sua

165 1386 404 1440 decisum
444 1390 550 1455 est,
594 1387 641 1440 si
681 1388 811 1457 quid
849 1390 1000 1441 extra
1039 1388 1281 1441 ordinem
1320 1388 1510 1457 iacuit,
1547 1389 1654 1442 nisi
1693 1387 1874 1441 omnia

164 1460 223 1513 in
268 1460 459 1513 anulos
506 1479 632 1515 suos
679 1462 1005 1516 reciderunt!
1084 1461 1204 1530 quis
1244 1465 1326 1515 est
1362 1461 1591 1515 istorum
1631 1463 1724 1532 qui
1762 1479 1873 1514 non

165 1533 320 1587 malit
355 1552 469 1587 rem
507 1535 782 1603 publicam
820 1536 1027 1589 turbari
1066 1553 1228 1604 quam
1267 1553 1476 1590 comam
1515 1535 1703 1589 suam?
1780 1535 1872 1606 qui

163 1625 275 1662 non
321 1607 606 1662 sollicitior
653 1610 724 1662 sit
770 1610 834 1663 de
881 1610 1074 1678 capitis
1122 1609 1205 1662 sui
1252 1609 1442 1664 decore
1482 1627 1650 1680 quam
1690 1610 1755 1664 de
1794 1628 1875 1665 sa-

163 1680 313 1737 lute?
390 1682 483 1751 qui
527 1700 639 1736 non
685 1684 954 1752 comptior
999 1701 1114 1737 esse
1160 1684 1315 1737 malit
1360 1702 1522 1754 quam
1559 1684 1874 1740 honestior?

163 1756 265 1812 hos
311 1760 372 1810 tu
419 1756 621 1810 otiosos
667 1775 829 1811 vocas
877 1759 1018 1811 inter
1053 1759 1323 1828 pectinem
1362 1760 1749 1830 speculumque
1789 1778 1874 1815 oc-

166 1830 427 1903 cupatos?
503 1830 633 1900 quid
687 1831 793 1900 illi,
853 1833 946 1900 qui
997 1833 1055 1885 in
1109 1834 1518 1905 componendis,
1578 1835 1872 1905 audiendis,

166 1906 433 1961 discendis
473 1906 697 1960 canticis
738 1907 946 1976 operati
978 1911 1127 1975 sunt,
1166 1908 1294 1963 dum
1329 1928 1542 1980 vocem,
1580 1911 1732 1965 cuius
1763 1928 1874 1965 rec-

165 1984 280 2035 tum
342 1998 558 2035 cursum
619 1984 813 2035 natura
874 1985 927 2036 et
982 1984 1249 2053 optimum
1304 1988 1358 2039 et
1412 1985 1872 2056 simplicissimum

165 2055 317 2125 fecit,
384 2055 442 2108 in
503 2055 674 2110 flexus
737 2057 1121 2112 modulationis
1184 2059 1555 2135 inertissimae,
1602 2063 1899 2129 torquent‚<

315 2186 345 2232 2
384 2187 632 2244 occupatio
672 2188 774 2234 tolli
802 2190 896 2235 volt
927 2190 1122 2237 Wolters
1172 2191 1178 2250 Ι
1219 2191 1249 2237 5
1288 2192 1371 2250 qui
1409 2191 1546 2237 inche
1584 2203 1716 2236 roma
1744 2191 1870 2236 tona.

201 2246 436 2294 rosacinus
459 2248 506 2292 A
536 2260 652 2293 corr.
676 2250 899 2307 Ayricola
932 2250 949 2309 Η
986 2250 1010 2295 7
1043 2264 1153 2308 spec
1206 2253 1282 2297 tor
1313 2250 1525 2297 Erasm.¹
1554 2251 1759 2295 sectator
1781 2251 1827 2296 A
1856 2249 1873 2308 Η

166 2263 199 2355 ἒ
227 2309 540 2355 iumentorum
568 2306 705 2353 Gertz
735 2308 1002 2355 iunctorum
1026 2313 1071 2356 A
1105 2311 1123 2381 {j
1159 2310 1189 2356 9
1219 2310 1424 2357 athletas
1448 2311 1557 2365 AM
1592 2309 1872 2355 nouissimos

167 2371 213 2416 A
243 2371 331 2414 uix
359 2372 497 2422 recte,
525 2366 606 2413 sed
634 2369 749 2424 quid
778 2369 882 2415 Sen.
910 2372 1141 2428 scripserat
1170 2373 1415 2417 incertum:
1445 2370 1713 2415 notissimos
1744 2369 1873 2414 novi·

166 2429 259 2475 tio·
283 2426 598 2474 nobilissimos
621 2429 974 2475 nervosissimos
996 2431 1311 2476 torosissimos
1335 2445 1403 2476 vv.
1421 2430 1498 2475 dd.
1516 2430 1721 2476 certat-im
1740 2428 1871 2474 novis

168 2487 287 2535 cibis
312 2487 511 2546 Madvig]
532 2486 783 2556 novissimo
808 2503 936 2535 more
960 2490 1097 2537 Gertz
1113 2492 1144 2595 jk
1158 2491 1217 2537 10
1239 2504 1383 2536 uocas
1406 2504 1519 2536 corr.
1538 2502 1595 2535 ex
1616 2489 1759 2534 uocat
1773 2486 1842 2557 A¹
1856 2486 1873 2546 ΙΙ

167 2548 228 2595 18
256 2549 394 2595 verba
425 2549 509 2592 aut
539 2546 761 2592 deficiens
791 2548 902 2594 hinc
934 2552 1077 2607 atque
1109 2549 1242 2596 ilinc
1273 2550 1322 2595 in
1346 2549 1546 2595 frontem
1575 2546 1873 2605 compellitur

167 2610 221 2654 in
250 2623 393 2668 mar-9.
425 2607 610 2664 een-ipsit
638 2606 777 2665 A⁸(?)
813 2615 854 2654 et
886 2616 993 2667 poet
1030 2610 1296 2655 restituitur
1332 2608 1578 2655 inserenda
1608 2620 1700 2653 esse
1729 2607 1872 2664 siqni-

167 2669 323 2724 ficaoit
363 2670 381 2728 Η
425 2667 484 2713 19
525 2665 662 2711 malit
700 2666 768 2711 Β.
783 2666 831 2712 P.
873 2683 1005 2714 suam
1049 2668 1230 2715 turbari
1301 2681 1412 2713 uam
1452 2680 1632 2712 comam
1668 2666 1713 2711 A
1756 2678 1870 2711 corr.

170 2727 331 2775 Muret
359 2727 499 2773 malit
529 2739 623 2771 rem
648 2739 782 2771 suam
806 2727 929 2774 turb.
955 2743 1040 2787 equ.
1070 2728 1232 2784 Ger-ul
1270 2683 1333 2772 {o
1356 2727 1414 2772 de
1438 2726 1590 2770 salute
1614 2727 1659 2771 A
1685 2725 1743 2770 de
1767 2739 1802 2769 r.
1823 2738 1869 2794 p.

169 2786 322 2833 salute
356 2788 547 2834 Wolters
575 2788 592 2845 Ιξ
621 2785 676 2831 21
713 2788 911 2833 comtior
933 2790 978 2835 A
1008 2792 1025 2844 Η
1054 2786 1114 2833 28
1144 2787 1225 2843 qui
1291 2785 1383 2839 illi,
1416 2785 1498 2842 qui
1529 2785 1578 2829 in
1609 2784 1723 2854 υοῑρ.
1756 2784 1871 2841 quid

168 2843 337 2906 illillin
372 2850 417 2894 A
463 2849 591 2918 (quid
633 2860 812 2893 erasum
854 2851 937 2904 sit,
978 2847 1147 2904 dispici
1187 2859 1281 2891 non
1317 2847 1480 2904 potest)
1526 2843 1637 2902 quid
1679 2842 1750 2889 1lli
1790 2843 1870 2901 qui

173 2903 343 2953 Gruter
363 2909 380 2964 11
406 2906 466 2952 26
489 2922 537 2952 m
563 2906 720 2966 flexus!
739 2909 868 2962 (eras.
897 2910 934 2964 s)
960 2908 1003 2953 A
1029 2905 1200 2951 inflexu
1226 2916 1254 2950 ς
1281 2908 1287 2963 Ι
1314 2904 1637 2962 ineptissimae
1663 2904 1873 2949 Erasm.²

1907 803 1933 843 3
