2034 3086
590 33 674 78 DE
703 32 810 78 IRA
841 31 954 78 ΗΒ.
977 31 1057 78 111.
1111 31 1241 78 CAP.
1266 36 1324 78 23
1712 35 1822 91 133

113 160 468 214 inhumanum
497 173 815 226 responsum
847 157 1035 210 exorta
1064 158 1199 225 erat3
1223 173 1359 225 quos
1383 153 1670 226 Philippus
1696 174 1820 210 con·

111 235 355 289 ticiscere
392 231 552 286 iussit
589 234 645 285 et
674 229 978 284 Thersitam
1026 229 1182 283 illum
1220 231 1429 284 salvum
1469 229 1819 285 incolumem·

113 327 218 379 que
255 307 539 362 dimittere.
616 304 693 358 ‘at
727 303 846 358 vos'
892 304 1074 375 inquit
1111 303 1292 358 ‘ceteri
1335 305 1526 377 legati,
1574 305 1819 359 nuntiate

111 380 532 437 Atheniensibus
570 379 745 434 multo
785 379 1122 449 superbiores
1160 386 1299 448 es'se,
1344 380 1437 450 qui
1476 380 1580 434 ista
1619 379 1821 449 dicunt,

113 475 276 528 quam
308 456 404 527 qui
429 455 630 525 inpune
661 454 807 508 dicta
836 452 1097 508 audiunt?
1135 453 1310 507 multa
1346 457 1400 508 et
1441 454 1596 509 divus
1633 452 1821 526 Augu·
1851 470 1879 509 4

112 536 230 586 stus
268 530 435 603 digna
471 530 732 584 memoria
768 528 896 583 fecit
933 529 1205 598 dixitque,
1242 545 1310 582 ex
1340 529 1533 597 quibus
1564 533 1823 600 appareat

111 607 248 660 iram
282 605 366 659 illi
399 621 510 658 non
547 604 852 674 imperasse.
917 602 1238 674 Timagenes
1272 602 1618 657 historiarum
1654 604 1822 674 scrip-

111 685 200 735 tor
230 678 492 751 quaedam
534 679 592 732 in
638 678 844 748 ipsum,
879 677 1141 747 quaedam
1174 677 1231 730 in
1263 695 1486 731 uxorem
1517 679 1629 733 eius
1670 682 1725 734 et
1763 679 1822 733 in

110 758 284 810 totam
315 753 536 808 domum
567 753 777 807 dixerat
805 770 905 806 nec
933 751 1239 823 perdiderat
1268 751 1435 823 dicta;
1472 754 1644 825 magis
1675 754 1820 809 enim

111 828 487 886 circumfertur
515 831 570 884 et
592 829 651 882 in
682 845 774 882 ore
797 827 1079 882 hominum
1111 831 1194 882 est
1216 827 1500 882 temeraria
1529 824 1818 884 urbanitas.

111 922 270 975 saepe
307 904 461 958 illum
486 902 682 959 Caesar
710 903 945 973 monuit,
982 902 1311 957 moderatius
1340 903 1531 975 lingua
1560 906 1823 975 uteretur3
1851 919 1879 960 5

110 980 471 1051 perseveranti
502 979 666 1034 domo
707 996 804 1032 sua
834 978 1128 1034 interdixit.
1186 980 1375 1048 postea
1405 978 1724 1050 Timagenes
1763 980 1821 1033 in

111 1054 461 1109 contubernio
483 1053 748 1108 Pollionis
772 1050 950 1107 Asinii
973 1053 1257 1108 consenuit
1279 1071 1342 1108 ac
1364 1056 1481 1107 tot'a
1503 1054 1722 1109 civitate
1745 1053 1820 1107 di·

110 1132 295 1199 reptus
332 1133 436 1183 est:
474 1128 686 1182 nullum
727 1128 810 1181 illi
846 1128 1014 1182 limen
1050 1128 1332 1198 praeclusa
1356 1126 1609 1194 Caesaris,
1628 1128 1819 1183 domus

111 1204 349 1274 apstulit.
417 1203 696 1271 historias,
735 1220 868 1273 quas
907 1206 1096 1273 postea
1134 1202 1443 1273 scripserat,
1481 1203 1729 1258 recitavit
1767 1207 1822 1257 et
1853 1221 1878 1259 6
1935 1262 1965 1276 „—

109 1278 277 1333 libros
308 1282 429 1333 acta
461 1276 702 1333 Caesaris
733 1277 971 1349 Augusti
1009 1277 1336 1333 continentis
1376 1277 1433 1332 in
1470 1278 1596 1350 igne
1635 1279 1822 1349 posuit

111 1357 166 1407 et
216 1354 538 1424 combussit3
591 1352 902 1408 inimicitias
956 1353 1126 1425 gessit
1177 1370 1303 1407 cum
1359 1351 1602 1407 Caesare:
1655 1371 1817 1408 nemo

110 1428 403 1484 amicitiam
435 1428 550 1483 eius
582 1428 856 1498 extimuit,
884 1445 1045 1482 nemo
1071 1427 1228 1498 quasi
1257 1427 1579 1500 fulguritum
1604 1428 1822 1501 refugit,

110 1502 215 1557 fuit
253 1503 349 1574 qui
394 1503 674 1575 praeberet
716 1506 828 1557 tam
867 1503 975 1557 alte
1013 1502 1226 1557 cadenti
1265 1502 1457 1557 sinum.
1533 1503 1662 1558 tulit
1699 1504 1822 1574 hoc,
1854 1517 1880 1559 7

109 1581 173 1631 ut
209 1578 347 1648 dixi,
392 1577 587 1634 Caesar
624 1578 912 1648 patienter,
965 1596 1033 1631 ne
1072 1595 1136 1632 eo
1177 1577 1395 1648 quidem
1426 1582 1635 1650 motus,
1674 1578 1821 1650 quod

108 1653 361 1708 laudibus
414 1654 527 1709 suis
572 1653 837 1724 rebusque
890 1653 1058 1726 gestis
1108 1671 1298 1708 manus
1338 1654 1615 1724 attulerat3
1667 1651 1823 1708 num·

112 1745 273 1799 quam
321 1746 443 1783 cum
475 1728 689 1800 hospite
726 1728 932 1783 inimici
971 1728 1057 1782 sui
1096 1731 1315 1798 questus
1354 1732 1448 1783 est.
1523 1728 1631 1784 hoc
1670 1729 1823 1783 dum·

110 1805 261 1857 taxat
291 1801 527 1859 Pollioni
554 1801 746 1859 Asinio
778 1804 937 1858 dixit:
975 1808 1399 1876 θηριοτροφεῖς;
1430 1804 1644 1875 paranti
1676 1804 1822 1859 dein-
1853 1817 1884 1860 8

110 1877 177 1933 de
215 1880 615 1934 excusationem
663 1879 878 1949 opstitit
923 1882 979 1933 et
1025 1878 1237 1934 ‘fruere’
1275 1878 1454 1950 inquit
1493 1879 1587 1934 ‘mi
1626 1878 1821 1951 Polli0‚

109 1953 328 2009 fi’uerel’
366 1958 422 2009 et
457 1972 581 2009 cum
605 1953 783 2009 Pollio
815 1954 1036 2010 diceret:
1069 1954 1136 2009 ‘si
1167 1955 1341 2025 iubes,
1381 1953 1598 2026 Caesar,
1636 1956 1820 2010 statim

110 2028 191 2084 ini
230 2014 394 2084 domo
434 2048 554 2085 mea
591 2029 942 2100 interdicam',
983 2029 1113 2085 ‘hoc
1144 2029 1248 2085 me’
1286 2030 1478 2101 inquit'
1496 2030 1674 2101 ‘putas
1713 2030 1820 2086 fac-

109 2109 315 2174 turum,
365 2122 488 2160 cum
540 2122 642 2177 ego
684 2124 779 2159 vos
835 2106 891 2159 in
940 2105 1171 2177 gratiam
1220 2104 1592 2160 reduxerim?’
1644 2105 1820 2161 fuerat

110 2179 250 2233 enim
282 2179 573 2250 aliquando
597 2179 878 2252 Timageni
904 2179 1080 2234 Pollio
1121 2181 1288 2235 iratus
1319 2198 1419 2236 nec
1449 2181 1616 2235 ullam
1656 2181 1819 2236 aliam

110 2253 370 2309 habuerat
399 2272 616 2310 causam
649 2255 947 2326 desinendi,
978 2273 1140 2327 quam
1166 2255 1310 2327 quod
1336 2254 1530 2311 Caesar
1553 2261 1817 2328 coeperat.

258 2385 289 2432 9.
319 2386 456 2431 saluu
480 2385 618 2445 A'(‘?)
651 2386 801 2431 salum
826 2387 896 2433 A¹
924 2388 942 2446 ΙΙ
974 2387 999 2433 7
1022 2386 1124 2432 Ῑιιια
1161 2387 1171 2398 ’
1209 2401 1258 2433 es
1281 2389 1327 2434 A
1357 2388 1433 2434 hic
1455 2394 1498 2434 et
1521 2403 1560 2435 v.
1588 2391 1672 2444 12;
1701 2394 1821 2436 recte

110 2445 339 2551 timaggui
368 2461 409 2492 v.
432 2450 496 2493 28
525 2446 819 2505 Tymagenes
837 2447 888 2518 'L
917 2447 946 2516 ΙΙ.
965 2446 1024 2493 10
1047 2447 1208 2507 infore
1231 2449 1277 2494 A
1308 2449 1441 2506 (eras.
1466 2448 1516 2514 h)
1545 2449 1550 2508 Ι
1592 2447 1652 2494 12
1673 2447 1819 2519 domu

111 2507 157 2551 A
186 2506 205 2565 ΙΙ
261 2521 291 2550 ι)
320 2507 443 2564 quod
470 2521 524 2553 m
547 2508 593 2553 A
616 2508 974 2577 poet-recitavit
1002 2512 1245 2554 exaratum
1274 2513 1340 2555 est
1369 2509 1419 2554 et
1449 2521 1552 2554 com
1588 2509 1709 2554 ussit
1735 2514 1819 2555 aut

110 2565 349 2611 delendum
390 2572 476 2613 aue
514 2568 569 2612 in
606 2581 872 2625 proxumum
912 2581 1093 2615 verm
1133 2568 1525 2626 transponendum
1566 2582 1660 2614 esse
1699 2569 1820 2616 vidit

113 2625 335 2684 Madviffi
374 2627 458 2673 hoc
493 2627 702 2685 praetuli
735 2628 754 2685 u
795 2626 854 2672 lc
892 2627 941 2672 in
972 2627 1083 2686 igne
1113 2627 1272 2685 posuit
1302 2628 1348 2674 L
1384 2634 1438 2675 ut
1470 2628 1641 2674 Madvi
1698 2630 1816 2675 coni.

112 2684 244 2790 inign¹8
200 2686 584 2803 meffinppusuitdff
622 2686 671 2733 in
711 2685 1120 2793 ignem2inpqsuit
1150 2686 1283 2793 Ktoch
1311 2688 1414 2759 foll.
1438 2688 1565 2759 clem..
1584 2689 1636 2758 ,Ιο
1667 2691 1720 2794 ἐς
1739 2691 1773 2735 2
1799 2688 1819 2749 ΙΙ

110 2760 596 2923 ἔπῑτὶὲΐτίοὴοωρὴίι,
612 2760 1029 2865 ἕοῗᾯῖἲοωῖἕο
1052 2760 1429 2865 ἓθξεὲνέἴνετοοο
1466 2807 1555 2867 (A⁸
1570 2755 1818 2866 εεᾶἓναῖσέ
