2028 3106
185 105 269 149 AD
295 104 587 150 SERENVM
612 104 695 149 DE
719 103 1255 159 TRANQVILLITATE
1278 104 1460 150 ANIMI
1484 105 1610 152 CAP.
1630 111 1655 151 9
1726 109 1832 164 261

138 226 232 280 sed
269 229 332 279 ut
367 226 633 280 maiorum
662 245 838 281 mores
870 227 1115 297 suadent3
1153 228 1418 282 discamus
1450 228 1835 282 continentiam

138 319 355 371 augere,
415 301 685 354 luxuriam
745 318 1011 370 coercere,
1072 302 1302 373 gloriam
1358 305 1678 372 temperare,
1736 303 1837 356 ira·

137 374 387 428 cundiam
444 375 633 443 lenire,
688 378 1059 445 paupertatem
1116 376 1298 446 aequis
1361 378 1531 430 oculis
1586 377 1837 447 aspicere,

135 448 502 519 frugalitatem
533 449 731 518 colere,
758 450 921 503 etiam
955 450 1001 504 si
1024 450 1224 503 multos
1255 450 1479 520 pudebit
1501 452 1614 505 eius
1638 451 1678 521 †
1700 452 1840 521 plus,

85 539 105 571 ⁵
137 522 413 576 desideriis
465 523 800 577 naturalibus
850 542 1017 594 parvo
1062 527 1250 594 parata
1293 525 1527 583 remedia
1572 525 1838 595 adhibere,

136 613 259 666 spes
298 596 579 651 effrenatas
617 601 672 651 et
709 598 948 651 animum
987 599 1045 651 in
1081 598 1264 651 futura
1293 599 1659 653 imminentem
1691 600 1840 653 velut

137 671 235 724 sub
266 671 496 724 vinculis
526 670 745 740 habere,
774 672 830 724 id
860 690 1039 743 agere,
1070 675 1132 725 ut
1163 672 1374 726 divitias
1406 692 1438 726 a
1466 674 1624 728 nobis
1655 674 1837 744 potius

137 762 299 814 quam
346 764 378 798 a
422 745 641 798 fortuna
684 748 946 815 petamus.
1021 764 1133 799 non
1178 749 1356 816 potest
1394 765 1651 817 umquam
1687 750 1840 801 tanta
1871 762 1898 802 3

134 819 364 872 varietas
398 822 452 873 et
481 819 738 889 iniquitas
769 837 990 874 casuum
1022 821 1099 873 ita
1129 820 1346 891 depelli,
1385 825 1446 874 ut
1474 840 1587 876 non
1608 823 1839 876 multum

62 911 106 944 ιο
134 894 493 963 procellarum
560 894 740 948 inruat
806 913 1004 966 magna
1063 899 1392 949 armamenta
1459 896 1838 967 pandentibus3

135 967 406 1039 cogendae
443 968 502 1021 in
540 972 717 1023 artum
752 986 838 1023 res
878 972 1026 1038 sunt,
1064 972 1126 1023 ut
1163 971 1271 1024 tela
1308 971 1367 1024 in
1401 989 1599 1025 vanum
1631 971 1838 1042 cadant,

134 1042 363 1111 ideoque
430 1042 592 1096 exilia
658 1044 872 1097 interim
934 1044 1367 1114 calamitatesque
1430 1046 1487 1099 in
1545 1046 1838 1100 remedium

135 1134 338 1170 cessere
376 1120 431 1170 et
466 1117 757 1171 levioribus
796 1118 1149 1172 incommodis
1189 1120 1436 1190 graviora
1474 1124 1660 1174 sanata
1698 1123 1836 1175 sunt.

132 1190 229 1244 nbi
271 1210 464 1261 parum
509 1191 660 1245 audit
704 1196 989 1262 praecepta
1026 1194 1235 1247 animus
1267 1212 1368 1248 nec
1406 1195 1581 1248 curari
1619 1195 1837 1249 molh'us

60 1282 103 1316 ιι
132 1268 335 1336 potest,
369 1265 555 1335 quidni
586 1267 898 1320 consulatur
928 1268 999 1336 ei,
1029 1267 1076 1321 si
1105 1272 1391 1338 paupertas
1423 1269 1494 1337 ei,
1526 1269 1841 1340 ignominia,

133 1358 312 1393 rerum
350 1340 555 1394 eversio
594 1340 902 1410 adhibetur,
939 1343 1082 1396 malo
1121 1343 1324 1396 malum
1365 1342 1695 1412 opponitur?
1751 1343 1839 1396 ad-

134 1432 440 1468 suescamus
501 1433 630 1486 ergo
685 1433 873 1469 cenare
926 1434 1085 1485 posse
1139 1417 1253 1470 sine
1306 1417 1510 1486 populo
1567 1420 1620 1471 et
1673 1417 1838 1471 servis

132 1489 476 1559 paucioribus
523 1489 720 1543 servire
767 1493 821 1543 et
866 1492 1038 1543 vestes
1088 1508 1275 1560 parare
1314 1491 1373 1544 in
1410 1491 1555 1561 quod
1594 1491 1839 1545 inventae

134 1566 261 1617 sunt
312 1566 367 1616 et
418 1562 659 1617 habitare
713 1563 1053 1618 contractius.
1140 1582 1253 1618 non
1305 1565 1363 1618 in
1416 1583 1575 1619 cursu
1628 1568 1839 1620 tantum

60 1653 105 1687 ιο
133 1636 367 1707 circique
420 1637 735 1707 certamine,
788 1637 879 1691 sed
932 1638 991 1692 in
1043 1638 1128 1693 his
1183 1639 1372 1708 spatiis
1421 1640 1564 1693 vitae
1613 1640 1838 1695 interius

132 1710 454 1765 flectendum
500 1715 594 1766 est.
673 1712 974 1766 studiorum
1022 1731 1235 1783 quoque
1283 1732 1420 1784 qnae
1465 1714 1840 1770 liberalissima
1871 1730 1899 1769 4

133 1786 377 1856 impensa
406 1789 488 1840 est
516 1790 629 1840 tam
661 1786 754 1840 diu
782 1787 1047 1841 rationem
1076 1787 1262 1859 habet,
1293 1805 1454 1858 quam
1487 1788 1579 1842 diu
1603 1789 1836 1844 modum.

284 1961 316 2008 4
353 1962 450 2008 etia
487 1962 527 2007 si
564 1962 717 2008 mulos
755 1962 955 2021 pudebit
985 1963 1027 2021 ej
1061 1963 1168 2021 plus
1206 1963 1266 2015 (si
1297 1969 1340 2011 et
1364 1966 1550 2022 primus
1581 1966 1760 2012 litterae
1790 1981 1837 2011 m

133 2021 299 2068 duem
325 2024 380 2068 in
407 2036 500 2069 ras.
533 2038 565 2068 a
594 2038 652 2069 m.
677 2028 792 2093 ².¹⁴⁸
828 2023 948 2079 vid.;
980 2028 1087 2080 post
1122 2023 1221 2068 mul
1248 2037 1290 2093 p.
1314 2038 1356 2070 v.
1387 2027 1410 2070 t
1440 2024 1572 2094 apt-1
1602 2025 1839 2096 adsme

125 2082 1074 2199 ffiffffiffipffdffiffizzffffi
1083 2082 1838 2203 ‘'Effssffsstissssss'fflss‘ffossfffflff

133 2199 207 2246 bit
243 2201 344 2246 eins
375 2202 611 2247 Rossbach
652 2203 797 2248 etiam
833 2203 873 2247 si
904 2216 1030 2247 nunc
1060 2202 1215 2247 cultus
1245 2202 1447 2260 pudebit
1478 2204 1577 2249 eius
1607 2203 1835 2262 populum

137 2260 273 2306 Gertz
302 2260 547 2318 (populum
579 2263 632 2306 in
660 2262 768 2319 plus
799 2262 939 2307 latere
967 2263 1065 2307 iam
1095 2262 1358 2309 Pincianae
1386 2265 1653 2320 coniecerat)
1690 2264 1835 2309 etiam

134 2319 175 2364 si
219 2319 393 2365 multos
439 2319 641 2378 pudebit
685 2322 807 2376 eius;
858 2321 1050 2379 placeat
1094 2320 1321 2368 Schultess
1373 2321 1390 2382 ΙΙ
1437 2322 1468 2367 6
1512 2324 1835 2369 imminentem

135 2379 332 2438 Madvig
376 2380 660 2425 eminentem
694 2382 741 2426 A
783 2380 887 2436 (cfr.
922 2380 978 2425 de
1015 2380 1157 2436 benef.
1191 2382 1285 2427 III
1308 2384 1338 2427 3
1379 2384 1509 2439 extr.)
1554 2383 1835 2429 emicantem

133 2438 360 2485 Schultess
394 2440 400 2499 Ι
452 2438 512 2484 12
542 2439 736 2485 exilias·
766 2439 910 2484 exilla
933 2441 979 2485 A
1014 2440 1020 2499 Ι
1055 2439 1244 2485 interim
1268 2450 1297 2485 ς
1327 2441 1497 2487 iterum
1521 2443 1566 2487 A
1598 2442 1835 2488 interdum

134 2497 222 2543 alii
250 2509 280 2543 ς
314 2499 332 2558 ΙΙ
369 2498 395 2543 1
458 2501 628 2544 sanata
660 2500 781 2544 sunt.
831 2498 924 2544 Ubi
958 2534 968 2543 .
995 2534 1004 2544 .
1037 2501 1215 2557 potest,
1248 2500 1415 2556 quidni
1445 2502 1610 2558 interp.
1638 2502 1836 2562 Madviy

135 2559 304 2602 sanata
333 2560 463 2615 sunt,
494 2557 579 2603 ubi
611 2594 621 2604 .
650 2594 659 2603 .
691 2560 862 2616 potest.
910 2558 1085 2612 Quidni
1114 2560 1227 2618 volq.
1267 2559 1284 2618 ΙΙ
1326 2559 1385 2605 15
1422 2560 1589 2618 quidni
1621 2561 1835 2606 consula-

135 2617 213 2660 tur
248 2652 257 2661 .
293 2652 307 2687 ·.
338 2652 347 2661 .
388 2616 685 2688 adhibetur(
722 2617 848 2663 malo
883 2618 1093 2676 Madvig
1152 2620 1470 2688 interrogandi
1509 2621 1692 2689 siynum
1728 2627 1835 2678 poet

136 2676 871 2805 ffl‘ffzsstwffssrm
883 2677 1368 2795 ,Ἒὲοέίέῗέᾙέ
1395 2678 1435 2783 21
1455 2714 1501 2783 'si
1520 2678 1833 2796 ssffl‘ffi

137 2795 396 2852 ignominia
418 2798 463 2842 A
502 2797 520 2855 ΙΙ
562 2796 620 2842 18
650 2797 825 2842 seruire
849 2799 893 2843 A
926 2798 1045 2854 quod
1075 2798 1183 2842 bene
1214 2797 1417 2853 defendit
1442 2799 1639 2857 Madviy
1669 2799 1831 2844 serviri

134 2854 277 2912 volq.,·
304 2856 423 2900 male
453 2855 508 2901 de
536 2856 619 2901 hoc
646 2857 780 2902 verbo
807 2859 895 2915 eyit
920 2857 1096 2902 Pichon
1118 2870 1251 2902 revue
1273 2857 1328 2902 de
1351 2858 1510 2915 philol.
1537 2863 1652 2904 1897
1667 2866 1716 2916 p.
1738 2860 1834 2918 1011

136 2912 195 2958 21
229 2913 513 2960 flectentiuxn
541 2917 586 2961 A
618 2917 672 2972 (ti
700 2930 784 2974 per
816 2917 1080 2975 ligaturam)
1110 2930 1223 2962 corr.
1248 2917 1362 2975 voly.
