2034 3086
429 52 512 98 DE
544 49 933 97 CONSTANTIA
963 49 1277 96 SAPIENTIS
1309 49 1439 96 CAP.
1464 55 1504 96 2.
1532 55 1559 96 8
1770 53 1843 107 23

139 176 381 231 inmensa
429 170 744 242 eupiditate,
797 190 959 242 quam
1012 175 1161 227 totus
1208 172 1352 226 orbis
1397 172 1458 227 in
1493 175 1602 227 tres
1641 172 1843 227 divisus

140 250 332 305 satiare
360 264 472 300 non
500 248 737 316 poterat,
766 246 1019 301 adversus
1046 247 1180 301 vitia
1209 246 1441 301 civitatis
1473 247 1843 320 degenerantis

139 328 194 379 et
239 338 455 393 pessum
504 337 603 374 sua
649 321 793 375 mole
838 321 1060 376 sidentis
1099 321 1248 376 stetit
1286 322 1433 375 solus
1474 326 1527 376 et
1565 323 1843 377 cadentem

138 415 251 452 rem
299 394 595 466 publicam,
644 400 908 465 quantum
953 396 1115 450 modo
1163 414 1271 450 una
1307 396 1508 450 retrahi
1547 416 1711 451 manu
1749 416 1843 468 po-

86 492 107 525 ε
137 473 297 540 terat,
333 470 531 540 tenuit,
568 469 738 524 donec
775 472 1075 525 abstractus
1118 470 1370 525 comitem
1410 488 1466 524 se
1506 471 1599 526 diu
1638 475 1843 526 susten-

136 549 279 599 tatae
326 545 512 599 ruinae
558 543 704 598 dedit
742 545 1011 617 simulque
1050 546 1313 600 exstincta
1351 548 1478 598 sunt
1517 565 1654 616 quae
1691 547 1841 601 nefas

135 623 250 675 erat
286 619 475 691 dividi3
512 637 685 688 neque
724 621 868 675 enim
901 620 1032 675 Cato
1068 625 1193 692 post
1229 619 1531 674 libertatem
1570 621 1706 675 vixit
1743 639 1843 675 nec

132 694 351 750 libertas
400 698 525 767 post
564 691 836 749 Catonem.
912 696 1041 751 huic
1092 699 1155 750 tu
1208 698 1365 766 putas
1419 694 1671 749 iniuriam
1724 696 1843 750 fieri
1874 710 1900 750 3

134 770 374 840 potuisse
408 790 441 824 a
469 769 697 839 popu10,
735 770 882 841 quod
913 774 1007 825 aut
1036 774 1343 841 praeturam
1373 769 1455 823 ini
1487 769 1717 823 detraxit
1748 774 1843 823 aut

61 863 105 897 ιο
133 846 355 919 togam?
405 842 549 915 quod
588 861 800 899 sacrum
838 846 974 900 illud
1012 848 1175 916 caput
1212 844 1581 918 purgamentis
1614 844 1721 898 oris
1753 844 1842 898 ad-

132 919 363 993 spersit?
435 922 584 972 tutus
634 923 716 973 est
764 921 977 991 sapiens
1026 938 1125 975 nec
1174 921 1287 974 ulla
1331 920 1478 975 affici
1515 922 1610 975 aut
1646 918 1843 974 iniuria

133 1000 228 1051 aut
264 992 590 1051 contumelia
626 998 819 1063 potest.

281 1068 376 1124 111.
414 1066 615 1121 Videor
664 1069 799 1124 mhi
844 1071 1043 1124 intueri
1089 1071 1329 1124 animum
1367 1073 1522 1123 tuum
1561 1070 1840 1124 incensum
1874 1085 1898 1125 1

133 1149 187 1200 et
239 1146 692 1213 effervescentem3
745 1163 902 1215 paras
957 1145 1278 1199 adclamare:
1318 1144 1470 1198 ‘haec
1523 1147 1650 1197 sunt
1703 1163 1841 1213 quae

60 1238 103 1272 ιε
133 1221 504 1276 auctoritatem
551 1220 850 1289 praeceptis
888 1221 1078 1274 vestris
1119 1218 1431 1273 detrahant:
1477 1237 1675 1291 magna
1719 1237 1841 1289 pro-

133 1295 347 1350 mittitis
371 1297 424 1347 et
458 1310 595 1361 quae
623 1311 692 1346 ne
724 1297 901 1365 optari
933 1294 1174 1365 quidem,
1202 1294 1402 1348 nedum
1433 1294 1578 1349 credi
1608 1293 1841 1365 possint;

133 1370 323 1425 deinde
371 1366 611 1438 ingentia
667 1367 839 1423 locuti
892 1388 1015 1425 cum
1075 1387 1366 1440 pauperem
1426 1369 1664 1441 negastis
1726 1386 1841 1443 epse
1890 1391 1907 1429 τ»
1930 1394 1966 1417 w
2008 1396 2013 1409 ι

134 1445 452 1516 sapientem,
488 1459 600 1494 non
635 1445 845 1515 negatis
885 1446 1055 1499 solere
1094 1444 1268 1498 illi'et
1307 1463 1521 1499 servum
1552 1447 1606 1497 et
1635 1437 1841 1498 tectum

134 1523 189 1574 et
225 1521 404 1575 cibum
442 1515 646 1586 deesse,
684 1535 809 1574 cum
841 1520 1137 1590 sapientem
1167 1520 1404 1592 negastis
1435 1517 1693 1587 insanire,
1729 1536 1842 1572 non

59 1611 106 1646 zo
132 1595 341 1668 negetis
394 1595 447 1646 et
499 1590 720 1645 alienari
774 1598 828 1648 et
880 1613 1072 1666 parum
1127 1613 1257 1648 sana
1294 1594 1455 1646 verba
1504 1592 1747 1646 emittere
1779 1595 1841 1647 'et

134 1666 389 1740 quiequid
427 1665 508 1718 vis
558 1667 733 1721 morbi
783 1671 931 1742 cogit
981 1669 1198 1738 audere,
1245 1685 1368 1721 cum
1415 1667 1712 1737 sapientem
1750 1686 1839 1722 ne·

132 1745 299 1817 gantis
337 1758 549 1794 servum
589 1759 727 1812 esse,
758 1743 901 1798 idem
939 1763 1051 1799 non
1087 1744 1178 1797 itis
1216 1741 1415 1795 infitias
1455 1745 1509 1796 et
1531 1743 1839 1798 veniturum

132 1823 188 1873 et
237 1818 497 1885 imperata
549 1815 818 1872 facturum
873 1823 927 1873 et
980 1818 1198 1872 domino
1253 1834 1352 1871 suo
1415 1818 1630 1872 servilia
1689 1836 1839 1888 prae·

132 1896 395 1947 staturum
421 1890 737 1947 ministeria:
761 1894 839 1948 ita
860 1893 1071 1947 sublato
1100 1893 1207 1944 alte
1238 1893 1525 1963 supercilio
1557 1894 1616 1947 in
1653 1893 1837 1946 eadem

58 1983 104 2019 ιε
132 1983 268 2035 quae
305 1964 468 2018 ceteri
506 1965 826 2021 descenditis
866 1966 1086 2019 mutatis
1125 1983 1304 2020 rerum
1343 1968 1667 2022 nominibus.
1730 1967 1837 2020 tale

130 2039 311 2109 itaque
363 2039 568 2111 aliquid
622 2045 676 2095 et
727 2042 785 2094 in
837 2040 943 2093 hoc
996 2056 1110 2093 esse
1156 2042 1425 2113 suspicor,
1478 2042 1623 2113 quod
1663 2042 1839 2112 prima

130 2114 304 2183 speeie
354 2114 639 2184 pulchrum
690 2119 851 2184 atque
900 2114 1249 2186 magnificum
1296 2121 1401 2187 est,
1447 2135 1548 2172 nec
1585 2116 1837 2171 iniuriam

131 2205 229 2243 nec
266 2189 646 2243 contumeliam
679 2191 1024 2259 accepturum
1064 2207 1179 2245 esse
1215 2193 1525 2263 sapientem.
1603 2191 1836 2244 multum

131 2266 310 2318 autem
349 2263 592 2333 interest,
642 2267 823 2318 utrum
873 2263 1170 2334 sapientem
1221 2270 1371 2321 extra
1408 2265 1835 2337 indignationem

57 2353 104 2390 ιο
131 2356 201 2393 au
253 2342 403 2394 extra
455 2339 704 2394 iniuriam
758 2355 943 2410 ponas.
1019 2358 1145 2395 nam
1192 2341 1239 2395 si
1284 2340 1417 2395 dicis
1467 2340 1622 2393 illum
1661 2358 1833 2411 aequo

280 2502 306 2547 1
347 2502 574 2548 immensa
604 2502 673 2548 A'
715 2502 721 2556 Ι
763 2500 887 2546 iuter
923 2503 1018 2548 tres
1053 2504 1269 2559 Wolfflin
1313 2502 1363 2546 in
1395 2508 1511 2549 recte
1543 2510 1662 2551 tenet
1693 2505 1831 2551 Feta-

129 2574 274 2606 κωκυ
302 2562 364 2619 (et
395 2563 538 2615 Beck)
575 2562 658 2617 cfr.
690 2557 802 2605 diat.
838 2561 871 2606 I
877 2561 1008 2618 V35,
1021 2565 1223 2634 sistentes.
1250 2563 1452 2617 1128,2
1487 2563 1504 2623 ΙΙ
1540 2562 1571 2610 4
1601 2566 1746 2612 retra-i
1771 2566 1831 2619 A,

129 2631 240 2724 m·
267 2624 486 2727 κω]
514 2618 921 2740 mm
930 2623 1098 2737 {20:1²
1112 2621 1683 2741 mr,
1700 2621 1831 2728 ³233?

131 2737 234 2808 A’}
275 2737 334 2783 14
357 2739 619 2786 acclamare
644 2740 689 2784 A
720 2741 796 2796 (ac
827 2754 885 2787 ex
915 2741 976 2787 ad
1006 2740 1211 2788 radendo
1233 2744 1368 2798 corr.)
1397 2742 1414 2802 ΙΙ
1445 2742 1504 2789 18
1526 2746 1557 2799 †
1581 2745 1630 2788 et
1651 2744 1830 2787 tectum

130 2797 191 2852 A,
213 2811 267 2843 m
289 2813 431 2858 mae-q.
452 2800 616 2846 A⁸aut
639 2813 695 2843 m.
720 2813 805 2845 rec.
831 2801 937 2847 add.
971 2805 1002 2857 †
1024 2799 1103 2846 uel
1125 2800 1352 2846 uestitum
1374 2801 1391 2861 ΙΙ
1412 2801 1469 2847 21
1496 2800 1829 2859 cogitllaudere

130 2871 175 2916 A
214 2885 344 2928 (aas.
378 2863 416 2931 t)
444 2875 462 2933 fl
489 2872 550 2918 22
581 2873 659 2918 itis
692 2873 740 2918 in
773 2874 949 2921 infitias
975 2876 1034 2931 A,
1066 2875 1146 2922 sed
1171 2877 1308 2934 prius
1339 2876 1389 2922 in
1418 2890 1454 2922 ε.
1478 2890 1518 2921 v.
1543 2874 1650 2920 add.
1677 2874 1748 2921 A⁸

1947 1395 1951 1397 .
1977 1357 1988 1397 l

1926 1520 2034 1580 ...vde-1
