2028 3106
80 884 124 917 1⁰

78 1257 120 1291 15

78 1628 120 1661 20

74 1999 118 2033 25

297 76 381 121 AD
414 74 730 122 POLYBIVM
761 75 843 120 DE
877 75 1340 123 CONSOLATIONE
1372 76 1500 124 CAP.
1529 81 1597 123 10.
1625 82 1678 122 11
1749 78 1858 133 325

158 198 329 267 davit3
378 216 501 252 cum
546 197 723 251 visum
762 201 844 252 est
882 198 1096 268 deinde,
1142 202 1339 270 repetit
1374 218 1474 255 nec
1511 203 1661 255 tuam
1700 199 1758 253 in
1795 217 1857 253 eo

159 274 458 328 satietatem
505 274 689 325 secuta
733 276 816 326 est
862 274 955 330 sed
1002 293 1154 328 suam
1191 275 1380 345 legem.
1459 275 1505 328 si
1544 275 1664 346 quis
1703 292 1859 345 pecu·
1891 290 1917 330 5

157 349 303 402 niam
343 345 600 399 creditam
639 347 865 402 solvisse
905 367 962 402 se
1001 350 1224 403 moleste
1261 349 1423 418 ferat,
1470 368 1588 403 eam
1627 367 1860 421 praeser-

156 423 279 490 tim,
325 420 479 474 cuius
523 439 683 475 usum
730 424 1029 494 gratuitum
1075 423 1360 493 acceperit,
1404 441 1584 478 nonne
1629 424 1859 478 iniustus

158 497 241 549 vir
276 494 574 549 habeatur?
649 496 798 551 dedit
834 502 1028 551 natura
1064 498 1218 551 fratri
1257 501 1351 557 tuo
1391 498 1585 567 vitam,
1622 498 1771 552 dedit
1809 502 1862 552 et

155 570 277 623 tibi:
316 587 452 639 quae
491 588 590 624 suo
629 571 745 626 iure
783 591 882 626 usa
920 572 965 625 si
1003 592 1035 625 a
1073 590 1181 642 quo
1220 570 1394 625 voluit
1431 571 1670 626 debitum
1702 591 1861 628 suum

155 644 315 698 citius
366 645 566 717 exegit,
614 664 727 700 non
777 647 872 700 illa
910 647 967 699 in
1016 647 1176 716 culpa
1225 649 1329 715 est,
1378 645 1529 699 cuius
1577 650 1710 700 nota
1748 651 1862 702 erat

155 717 426 788 condicio,
465 720 559 774 sed
598 721 842 775 mortalis
882 721 1049 774 animi
1080 738 1202 790 spes
1233 719 1411 789 avida,
1452 738 1589 790 quae
1620 721 1863 792 subinde,

156 791 287 862 quid
324 812 505 849 rerum
542 799 738 850 natura
775 796 869 864 sit,
909 795 1249 849 obliviscitur
1278 812 1378 848 nec
1407 813 1666 864 umquam
1698 796 1859 850 sortis

155 886 282 921 suae
320 870 592 941 meminit,
627 870 733 924 nisi
772 888 895 924 cum
936 870 1266 924 admonetur.
1344 869 1516 941 gaude
1556 870 1736 940 itaque
1767 868 1860 924 ha-

153 942 333 997 buisse
364 947 418 999 te
449 949 562 1000 tam
593 946 797 999 bonum
829 944 1049 998 fratrem
1081 948 1136 999 et
1165 962 1324 999 usum
1355 944 1698 1015 fructumque
1729 943 1859 1014 eius,

154 1019 399 1087 quamvis
437 1020 653 1075 brevior
689 1022 818 1074 voto
858 1023 953 1073 tuo
986 1020 1172 1089 fuerit,
1207 1019 1338 1074 boni
1369 1020 1600 1073 consule.
1680 1019 1861 1091 cogita

152 1092 599 1149 iucundissimum
653 1113 793 1164 esse,
843 1095 988 1164 quod
1034 1094 1294 1164 habuisti,
1342 1093 1664 1164 humanum,
1714 1093 1859 1165 quod

151 1167 456 1237 perdidisti:
494 1188 594 1224 nec
633 1170 777 1224 enim
818 1170 1108 1241 quicquam
1148 1170 1326 1223 minus
1365 1170 1506 1222 inter
1543 1187 1600 1223 se
1638 1187 1859 1224 consen·

150 1246 369 1298 taneum
432 1249 515 1299 est
576 1263 738 1315 quam
793 1245 1028 1315 aliquem
1083 1245 1309 1315 moveri,
1378 1243 1523 1314 quod
1578 1244 1680 1298 sibi
1734 1243 1858 1298 talis

149 1316 317 1372 frater
352 1338 544 1389 parum
585 1321 678 1374 diu
718 1321 1029 1392 contigerit,
1066 1339 1178 1375 non
1207 1318 1464 1393 gaudere,
1502 1319 1648 1389 quod
1677 1321 1860 1373 tamen

150 1394 452 1464 contigerit.

299 1466 393 1521 XI.
457 1467 559 1523 ‘At
612 1469 919 1539 inopinanti
973 1473 1187 1540 ereptus
1242 1469 1358 1524 est.'
1435 1487 1531 1523 sua
1591 1485 1859 1538 quemque

151 1540 440 1596 credulitas
495 1543 698 1613 decipit
752 1547 806 1596 et
858 1544 916 1597 in
962 1544 1064 1613 eis,
1117 1563 1253 1614 quae
1300 1544 1503 1617 diligit,
1554 1541 1860 1597 voluntaria

150 1616 497 1671 mortalitatis
548 1618 774 1671 oblivio:
825 1621 1019 1671 natura
1064 1619 1202 1672 nulli
1249 1637 1306 1673 se
1351 1619 1684 1674 necessitatis
1732 1636 1859 1672 suae

150 1690 381 1760 gratiam
449 1691 715 1744 facturam
785 1710 899 1744 esse
961 1695 1158 1746 testata
1218 1697 1311 1747 est.
1391 1695 1588 1749 cotidie
1649 1696 1860 1764 praeter

151 1765 338 1819 oculos
367 1768 584 1819 nostros
614 1768 898 1819 transeunt
927 1769 1181 1820 notorum
1213 1767 1632 1840 ignotorumque
1655 1768 1859 1839 funera,

149 1855 250 1891 nos
296 1842 479 1892 tamen
523 1838 671 1892 aliud
718 1839 929 1910 agimus
969 1843 1023 1894 et
1062 1841 1301 1896 subitum
1340 1844 1395 1896 id
1434 1848 1689 1914 putamus
1728 1862 1857 1913 esse,

151 1911 296 1980 quod
343 1913 503 1966 nobis
553 1916 670 1966 tota
719 1914 832 1968 vita
882 1914 1230 1970 denuntiatur
1278 1917 1536 1973 futurum.
1612 1938 1724 1973 non
1777 1922 1859 1973 est

148 1985 330 2055 itaque
369 1987 474 2039 ista
504 1986 740 2042 fatorum
773 1990 1052 2060 iniquitas,
1093 1991 1185 2046 sed
1216 1993 1412 2046 mentis
1443 1993 1709 2048 humanae
1740 2011 1858 2063 pra-

148 2059 287 2114 vitas
324 2059 647 2116 insatiabilis
684 2082 865 2118 rerum
906 2066 1173 2135 omnium,
1214 2085 1350 2138 quae
1390 2067 1707 2140 indignatur
1733 2067 1857 2122 inde

147 2133 414 2205 excidere,
460 2153 568 2206 quo
616 2137 851 2194 admissa
890 2144 972 2195 est
1010 2142 1265 2212 precario.
1345 2141 1482 2212 [30.]
1525 2145 1726 2212 quanto
1766 2142 1857 2197 ille

298 2251 324 2296 1
366 2250 538 2299 deinde
581 2255 755 2312 repetit
789 2258 836 2302 Β
880 2257 1041 2304 deiure
1081 2258 1255 2317 repetit
1285 2259 1325 2306 0
1361 2259 1379 2320 Η
1423 2258 1453 2303 5
1490 2258 1726 2305 habeatur
1756 2260 1858 2306 BG

149 2310 327 2357 habeat
350 2312 406 2356 H
432 2310 635 2359 habetur
657 2316 760 2360 DE
787 2317 803 2375 Η
833 2317 864 2361 6
895 2331 1015 2374 quae
1048 2333 1131 2364 suo
1164 2319 1265 2365 iure
1292 2333 1378 2364 usa
1406 2319 1446 2365 si
1470 2320 1736 2379 Petschenig]
1767 2332 1857 2377 que

152 2386 235 2417 suo
265 2371 364 2416 uite
395 2373 528 2428 (corr.
553 2374 606 2418 in
636 2373 755 2432 11110)
787 2390 875 2420 usa
902 2379 1012 2422 sunt
1042 2380 1172 2433 (sunt
1194 2381 1386 2437 punctis
1407 2381 1632 2438 notatum)
1656 2380 1702 2425 B
1735 2392 1856 2436 quae

151 2446 234 2478 mo
266 2432 366 2476 iure
396 2431 504 2477 uisa
535 2435 646 2478 sunt
669 2435 774 2482 HG
807 2437 903 2494 (sed
932 2438 985 2481 in
1019 2437 1062 2482 G
1091 2451 1206 2485 eor-r.
1239 2453 1326 2484 usa
1358 2442 1446 2498 est)
1486 2453 1608 2497 quae
1641 2453 1724 2484 suo
1755 2438 1855 2483 iure

150 2506 237 2538 usa
268 2494 371 2550 (usu
397 2491 469 2550 E)
501 2491 594 2538 fuit
615 2494 721 2540 DE
748 2509 831 2541 suo
864 2510 975 2553 ergo
1008 2496 1108 2541 iure
1139 2511 1227 2543 usa
1258 2501 1331 2544 est
1357 2501 1401 2546 V
1424 2513 1546 2557 quae
1579 2514 1612 2544 s.
1638 2499 1738 2544 11110
1769 2509 1855 2542 usa

151 2556 244 2608 est,
291 2551 558 2611 Wesenberg]
601 2567 705 2599 cum
749 2569 843 2601 uno
893 2555 1083 2600 Gruter-i
1130 2571 1214 2603 suo
1262 2558 1363 2604 iure
1409 2572 1497 2604 usa
1536 2594 1546 2604 .
1586 2594 1594 2603 .
1633 2594 1641 2604 .
1684 2555 1853 2614 exegit.

150 2612 382 2661 Roabach
412 2614 515 2668 (om.
580 2616 688 2668 uae)
719 2628 842 2671 quae
874 2629 907 2659 s.
934 2614 965 2658 i.
990 2628 1078 2659 usa
1101 2630 1225 2663 nunc
1251 2653 1260 2663 .
1289 2653 1298 2662 .
1327 2653 1336 2663 .
1362 2619 1521 2676 exegit
1546 2653 1555 2662 .
1592 2617 1818 2663 Schultess
1838 2614 1857 2675 ΙΙ

151 2673 176 2719 7
209 2687 266 2720 ex
331 2673 387 2727 ·t,
419 2684 512 2717 11011
591 2677 683 2718 erte
713 2674 883 2732 exegit.
932 2673 1039 2718 Non
1071 2675 1181 2733 volq.
1214 2676 1231 2735 ΙΙ
1260 2676 1317 2723 11
1342 2676 1641 2734 fructumque
1665 2675 1705 2722 Ο
1731 2673 1854 2720 fruc-

147 2735 249 2779 tum
327 2733 368 2778 V
385 2734 402 2792 {1
425 2730 483 2777 18
498 2744 732 2790 quemque
749 2734 857 2779 ΗΒ
879 2747 936 2778 m.
953 2736 986 2777 2
1008 2746 1193 2790 queque
1209 2735 1321 2782 DE
1342 2737 1624 2795 quandoque
1642 2734 1689 2780 B
1711 2748 1769 2780 m.
1789 2738 1816 2780 1
1838 2734 1855 2795 ΙΙ

147 2791 209 2838 2⁸
245 2793 356 2839 inde
395 2791 631 2848 excidere,
673 2806 767 2850 quo
813 2793 949 2838 Gertz
994 2792 1104 2837 inde
1145 2794 1348 2842 eximere
1386 2810 1479 2855 quo
1510 2793 1721 2840 DEGV
1743 2793 1854 2840 inde

147 2852 351 2900 eximere
389 2852 515 2910 quod
546 2853 592 2898 B
635 2851 746 2897 inde
786 2865 834 2897 se
873 2851 1015 2896 eximi
1050 2866 1142 2908 quo
1175 2854 1233 2899 H
1269 2854 1380 2901 inde
1412 2855 1537 2901 exire
1568 2866 1660 2911 0110
1694 2854 1855 2901 Haase

149 2911 259 2957 111ᾱο
291 2913 432 2959 eximi
465 2926 556 2970 quo
581 2911 843 2958 Feldmarm
874 2910 983 2956 inde
1016 2911 1158 2957 eximi
1189 2913 1239 2958 in
1271 2915 1397 2972 quod
1423 2914 1593 2960 Mueck

1891 888 1918 928 6

1888 2158 1914 2197 2
