2034 3086
558 33 640 78 DE
671 33 779 78 IRA
810 32 922 78 Lm.
947 32 1003 79 11.
1060 31 1189 85 CAP.
1213 36 1284 80 25.
1310 37 1379 79 26.
1406 37 1462 78 2⁷
1793 36 1863 92 95

159 156 330 223 sitim,
368 155 462 225 qui
500 173 668 226 puero
708 155 847 209 male
887 154 1114 209 diluenti
1151 154 1331 209 nivem
1370 154 1654 210 irascitur?
1713 157 1864 211 nulla

157 231 340 300 itaque
377 248 463 284 res
501 231 675 302 magis
713 229 1045 284 iracundiam
1085 229 1183 284 alit
1221 248 1382 300 quam
1420 230 1635 284 luxuria
1671 230 1864 285 intem-

156 322 350 375 perans
401 308 456 359 et
504 305 794 375 inpatiens:
857 304 987 359 dure
1036 306 1347 360 tractandus
1394 306 1604 360 animus
1652 308 1754 376 est,
1801 310 1864 360 ut

157 381 326 434 ictum
364 397 477 434 non
515 379 713 434 sentiat
749 379 855 433 nisi
893 397 1127 451 gravem.

105 472 126 506 s
305 452 501 508 XXV1.
563 452 853 508 Irascimur
901 458 996 509 aut
1044 455 1135 525 iis,
1184 475 1216 510 a
1265 455 1462 526 quibus
1507 474 1576 510 ne
1622 454 1863 526 accipere
1896 470 1919 511 1

158 528 375 615 quidem
419 528 697 598 potuimus
743 528 1019 599 iniuriam,
1056 533 1152 584 aut
1187 530 1279 600 iis,
1315 549 1348 584 a
1387 531 1583 600 quibus
1622 530 1864 601 accipere

155 604 406 658 iniuriam
452 604 743 673 potuimus
821 623 888 658 ex
931 606 1202 676 prioribus
1247 605 1509 674 quaedam
1548 605 1663 661 sine
1702 623 1864 660 558511
1894 620 1922 660 2

156 682 304 749 sunt,
357 681 420 732 ut
470 678 632 749 liber,
686 697 846 749 quem
906 680 1290 734 minutioribus
1349 680 1546 735 litteris
1600 681 1863 766 scriptum

155 771 314 825 saepe
363 753 687 824 proiecimus
735 758 790 808 et
834 755 1153 808 mendosum
1190 754 1568 825 laceravimus,
1604 759 1668 810 ut
1704 755 1865 817 vesti-

83 846 127 880 ω
155 832 360 898 menta,
414 845 575 899 quae,
628 829 756 900 quia
808 829 1188 899 displicebam,
1240 828 1519 884 scidimus·
1555 828 1662 885 1115
1703 827 1867 886 118501

157 921 318 974 quam
352 899 587 958 'stultum
634 907 739 974 est,
784 921 921 974 quae
959 903 1095 958 iram
1133 906 1375 959 nostram
1414 921 1514 960 nec
1551 909 1865 961 meruerunt

153 995 254 1032 nec
306 979 569 1033 sentiunt!
658 979 776 1032 ‘sed
830 978 1112 1033 offendunt
1163 997 1263 1033 nos
1317 979 1569 1035 videlicet
1621 980 1717 1051 qui
1769 980 1864 1035 illa
1894 995 1923 1035 3

154 1052 432 1107 fecerunt?
506 1054 743 1139 primum
795 1071 953 1124 saepe
998 1057 1288 1124 antequam
1333 1054 1440 1109 hoc
1478 1057 1610 1125 aput
1646 1072 1747 1110 nos
1787 1052 1863 1109 di-

154 1127 493 1200 stinguamus
550 1129 846 1183 irascimur.
938 1128 1129 1184 deinde
1189 1129 1418 1184 fortasse
1479 1130 1585 1201 ipsi
1647 1148 1863 1201 01100115

82 1220 123 1254 ιε
154 1203 386 1258 artifices
426 1204 797 1258 excusationes
835 1203 1005 1259 iustas
1045 1205 1291 1259 afferent:
1357 1205 1494 1260 alius
1532 1224 1645 1259 non
1682 1206 1864 1276 potuit

154 1278 347 1332 melius
396 1277 572 1333 facere
623 1297 785 1349 quam
834 1278 987 1349 fecit,
1031 1298 1132 1335 nec
1178 1281 1245 1334 ad
1286 1283 1438 1335 tuam
1479 1280 1862 1335 contumeliam

153 1371 345 1424 parum
384 1353 595 1424 didicit3
632 1355 770 1409 alius
808 1373 922 1409 non
958 1356 1017 1409 18
1053 1355 1159 1410 1100
1196 1358 1260 1410 ut
1296 1359 1351 1410 te
1391 1356 1685 1410 offenderet
1717 1356 1861 1411 fecit.

154 1428 222 1482 ad
252 1429 506 1483 ultimum
540 1429 669 1500 quid
701 1433 785 1484 est
813 1429 1116 1485 dementius
1150 1449 1311 1501 quam
1345 1431 1509 1485 bilem
1533 1431 1591 1485 in
1614 1431 1861 1486 homines

155 1504 437 1558 collectam
492 1505 548 1559 in
601 1523 686 1559 res
741 1505 1049 1560 effundere?
1131 1506 1284 1591 atqui
1329 1510 1392 1561 ut
1437 1506 1522 1561 his
1569 1507 1729 1562 irasci
1775 1507 1862 1562 de·
1892 1521 1922 1561 4

0 1624 1 1631 ,
79 1595 124 1628 20
155 1579 349 1633 mentis
400 1583 504 1649 est,
551 1598 687 1664 quae
734 1580 914 1634 anima
960 1584 1166 1651 carent,
1204 1582 1282 1636 sic
1319 1582 1485 1636 mutis
1525 1581 1864 1651 animalibus,

154 1671 291 1723 quae
343 1655 550 1707 nullam
604 1655 856 1709 iniuriam
907 1656 1064 1710 nobis
1114 1656 1344 1726 faciunt,
1395 1657 1522 1727 quia
1566 1658 1705 1711 velle
1751 1676 1864 1711 non

153 1732 405 1799 possunt3
442 1747 555 1783 non
593 1733 675 1784 est
714 1730 857 1783 enim
896 1731 1093 1784 iniuria
1129 1731 1236 1785 nisi
1275 1750 1307 1785 a
1346 1731 1572 1786 00851110
1604 1732 1861 1803 profecta.

152 1821 345 1858 nocere
394 1804 578 1873 itaque
627 1805 785 1859 nobis
836 1809 1066 1875 possunt
1102 1810 1166 1860 ut
1202 1806 1405 1861 ferrum
1445 1810 1540 1861 aut
1576 1807 1739 1877 lapis,
1784 1808 1862 1861 in-

152 1878 346 1932 iuriam
387 1879 603 1948 quidem
642 1879 817 1935 facere
855 1899 966 1934 non
1004 1884 1246 1951 possunt.
1309 1882 1461 1952 atqui
1500 1882 1774 1937 contemni
1806 1900 1862 1937 55
1893 1895 1920 1937 5

78 1970 123 2003 25
154 1953 372 2024 quidam
404 1958 620 2025 putant,
652 1955 748 2008 ubi
779 1955 920 2009 idem
953 1956 1078 2026 equi
1111 1956 1468 2027 obsequentes
1497 1957 1653 2012 alteri
1676 1957 1863 2029 equiti,

153 2029 309 2083 alteri
355 2032 698 2084 contumaces
746 2035 895 2101 sunt,
933 2034 1190 2101 tanquam
1229 2032 1453 2103 iudicio,
1490 2051 1603 2087 non
1641 2050 1861 2088 consue-

152 2103 340 2159 tudine
371 2107 426 2159 et
456 2108 570 2159 arte
599 2106 866 2160 tractandi
894 2107 1156 2178 quaedam
1182 2107 1505 2177 quibusdam
1536 2108 1861 2163 subiectiora

153 2178 276 2233 sint,
337 2180 490 2250 atqui
528 2183 591 2234 ut
627 2179 713 2234 his
752 2180 911 2236 irasci
949 2182 1178 2236 stultum
1210 2185 1313 2252 est,
1345 2184 1422 2237 ita
1451 2184 1632 2254 pueris
1666 2187 1720 2237 et
1749 2202 1861 2237 non
1892 2198 1918 2238 6

154 2254 385 2308 multum
419 2274 451 2308 a
481 2273 770 2325 puerorum
801 2256 1088 2327 prudentia
1113 2256 1468 2328 distantibus3
1501 2258 1682 2312 018818
1714 2259 1859 2313 58118

78 2343 124 2378 οο
153 2327 258 2382 ista
318 2333 539 2399 peccata
600 2334 732 2401 aput
793 2349 1024 2401 aequum
1086 2331 1318 2387 iudicem
1385 2351 1483 2403 pro
1551 2332 1860 2387 innocentia

152 2401 356 2457 habent
393 2405 805 2475 inprudentiam.

302 2477 526 2533 XXVII.
588 2478 860 2566 Quaedam
909 2486 1036 2535 sunt
1078 2500 1213 2552 quae
1251 2500 1444 2536 nocere
1482 2501 1594 2537 non
1631 2486 1860 2554 possunt
1893 2498 1915 2538 1

152 2552 466 2623 nullamque
504 2555 613 2609 vim
654 2556 758 2610 nisi
798 2556 1092 2611 beneficam
1125 2559 1179 2611 et
1210 2557 1498 2612 salutarem
1537 2557 1762 2628 habent,
1797 2562 1859 2613 ut

304 2683 363 2730 18
394 2684 537 2731 bilem
567 2686 617 2742 (b
650 2702 705 2734 ex
736 2702 765 2732 u
797 2689 887 2734 vid
913 2690 1045 2746 corr.)
1070 2690 1115 2735 A
1156 2688 1174 2748 ΙΙ
1215 2688 1274 2735 19
1312 2690 1446 2747 amni
1477 2704 1591 2737 corr.
1623 2704 1680 2736 ex
1711 2691 1857 2748 adqui

264 2745 427 2801 ²(item
452 2761 491 2792 v.
515 2750 592 2805 24)
624 2748 698 2794 hic
718 2754 760 2795 et
783 2763 821 2794 v.
846 2752 907 2794 28
939 2751 1082 2805 atque
1105 2749 1288 2796 malwnt
1319 2751 1589 2810 Wesenberg
1613 2757 1655 2797 et
1682 2750 1818 2797 Gertz
1841 2751 1858 2809 ΙΙ

154 2801 213 2849 25
243 2802 554 2862 obsequentes
578 2809 622 2853 A
655 2807 732 2862 (ob
764 2810 815 2854 in
847 2822 938 2854 ras.
964 2824 1021 2854 m.
1046 2811 1075 2854 5
1107 2823 1197 2867 pro
1262 2811 1336 2855 ost
1365 2816 1418 2856 ut
1447 2811 1560 2869 vid.)
1601 2811 1618 2871 ΙΙ
1658 2809 1719 2856 82
1750 2825 1855 2868 pos-

155 2865 265 2909 sunt
296 2864 339 2910 L
371 2871 412 2912 et
442 2866 555 2925 voly
590 2868 772 2925 possint
795 2871 839 2914 A
872 2868 1054 2926 possint
1085 2875 1127 2916 et
1156 2824 1279 2916 hage
1283 2871 1367 2915 ant
1401 2870 1537 2917 Gertz
