2034 3086
91 857 135 890 10

90 1230 132 1263 15

628 48 711 94 DE
740 47 849 93 nu
880 48 992 94 Lm.
1018 49 1052 93 1.
1109 47 1238 95 cAP.
1266 53 1335 94 ιτ.
1363 53 1420 95 18
1802 33 1874 107 65

167 190 264 242 per
314 190 370 225 se
419 171 558 225 ratio
609 170 802 223 fortior
850 170 967 224 est?
1041 189 1167 224 nam
1214 188 1337 223 cum
1376 170 1634 226 iudicavit
1672 173 1875 243 aliquid

166 246 495 314 faciendum,
549 246 606 299 in
660 263 723 298 eo
777 249 1104 314 perseverat3
1155 245 1294 297 nihil
1348 246 1491 298 enim
1545 248 1736 301 melius
1799 249 1875 300 in·

167 324 394 374 ventura
430 323 514 374 est
550 339 606 373 se
641 320 780 388 ipsa,
820 337 929 388 quo
962 323 1219 373 mutetur:
1258 319 1378 372 ideo
1419 322 1527 373 stat
1558 323 1722 376 semel
1752 340 1875 376 con-

167 395 384 449 stitutis.
473 395 608 448 iram
670 412 828 462 saepe
889 393 1255 448 misericordia
1315 396 1458 446 retro
1522 396 1654 466 egit3
1716 397 1877 450 habet
1907 412 1934 450 4

166 468 309 523 enim
346 487 458 522 non
494 468 725 523 solidum
757 468 923 522 robur
954 469 1046 523 sed
1076 486 1274 521 vanum
1304 471 1571 522 tumorem
1603 471 1876 525 violentis-

166 562 270 613 que
309 544 591 614 principiis
622 543 815 611 utitur,
853 562 964 597 non
996 545 1152 597 aliter
1182 560 1344 611 quam
1376 542 1470 611 qui
1501 561 1533 595 a
1562 546 1705 598 terra
1728 547 1876 600 venti

166 622 398 689 surgunt
434 623 490 673 et
526 617 840 671 fluminibus
883 619 1278 688 paludibusque
1317 617 1564 686 concepti
1605 619 1719 673 sine
1758 640 1875 690 per·

164 692 365 746 tinacia
402 694 742 747 vehementes
782 697 931 747 sunt:
970 693 1162 763 incipit
1192 709 1389 762 magno
1423 691 1651 761 impetu,
1685 694 1874 748 deinde
1907 711 1934 751 5

165 766 349 822 deficit
385 772 509 821 ante
549 771 761 835 tempus
801 767 1050 840 fatigata,
1086 770 1159 835 et,
1193 784 1330 835 quae
1360 766 1500 819 nihil
1530 767 1678 820 aliud
1711 787 1874 837 quam

165 842 534 896 crudelitatem
574 859 637 894 ac
666 859 811 894 nova
842 861 1037 914 genera
1066 859 1360 911 poenarum
1393 845 1717 910 versaverat,
1750 861 1872 896 cum

164 915 696 971 animadvertendum
729 920 832 985 est,
873 919 979 971 iam
1019 918 1189 970 fracta
1218 915 1462 984 lenisque
1495 919 1590 970 est.
1652 918 1873 971 affectus

164 991 274 1045 cito
313 991 478 1059 cadit,
517 990 757 1059 aequalis
796 996 880 1045 est
917 992 1070 1045 ratio.
1146 992 1382 1043 ceterum
1423 991 1585 1044 etiam
1625 993 1718 1045 ubi
1758 1012 1874 1063 per·
1906 1008 1933 1047 6

164 1066 429 1119 severavit
466 1066 568 1132 ira,
613 1082 1045 1136 nonnumquam,
1094 1065 1138 1117 si
1177 1063 1359 1133 plures
1401 1069 1528 1118 sunt
1566 1067 1661 1136 qui
1700 1068 1874 1137 perire

163 1142 495 1207 meruerunt,
544 1141 671 1207 post
720 1139 950 1195 duorum
997 1140 1226 1193 triumve
1273 1141 1592 1210 sanguinem
1633 1143 1873 1196 occidere

163 1214 372 1268 desinit.
450 1212 614 1282 primi
664 1213 779 1268 eius
830 1217 969 1269 ictus
1020 1231 1166 1267 acres
1218 1216 1366 1266 sunt:
1419 1215 1497 1269 sic
1545 1218 1873 1286 serpentium

163 1306 368 1342 venena
397 1306 430 1340 a
460 1286 627 1340 cubili
658 1291 991 1359 erepentium
1022 1290 1240 1356 nocent,
1275 1287 1485 1342 innoxii
1517 1290 1701 1344 dentes
1734 1296 1873 1361 sunt,

161 1380 284 1415 cum
335 1362 460 1415 illos
510 1360 762 1431 frequens
808 1382 1019 1418 morsus
1066 1362 1326 1415 exhausit.
1405 1383 1534 1436 ergo
1574 1384 1685 1419 non
1723 1368 1874 1436 paria
1907 1382 1931 1421 7

161 1437 443 1505 patiuntur
487 1435 582 1505 qui
631 1438 785 1507 paria
830 1437 1230 1505 commiserant,
1270 1442 1326 1490 et
1363 1457 1521 1509 saepe
1562 1441 1655 1509 qui
1694 1442 1872 1494 minus

161 1510 436 1563 commisit
487 1510 612 1580 plus
666 1514 893 1583 patitur,
956 1512 1084 1581 quia
1139 1512 1426 1566 recentiori
1482 1515 1723 1569 obiectus
1777 1520 1870 1569 est.

162 1587 218 1637 et
253 1583 312 1636 in
350 1587 527 1638 totum
567 1586 866 1658 inaequalis
916 1590 1018 1640 est:
1069 1586 1230 1639 modo
1270 1587 1414 1641 ultra
1454 1607 1617 1659 quam
1659 1594 1873 1660 oportet

161 1659 418 1728 excurrit,
468 1659 632 1715 modo
683 1664 902 1717 citerius
952 1660 1133 1714 debito
1186 1662 1411 1733 resistit3
1458 1664 1560 1718 sibi
1610 1665 1754 1718 enim
1794 1666 1871 1718 in-

161 1732 349 1804 dulget
401 1737 456 1787 et
508 1753 575 1789 ex
626 1736 853 1791 libidine
907 1735 1110 1789 iudicat
1163 1738 1218 1789 et
1267 1737 1451 1792 audire
1498 1758 1609 1792 non
1654 1740 1774 1793 vult
1819 1744 1872 1794 et

160 1808 463 1877 patrocinio
513 1828 625 1865 non
673 1812 932 1881 relinquit
980 1810 1160 1863 locum
1211 1813 1266 1863 et
1316 1831 1379 1866 ea
1424 1817 1571 1867 tenet
1617 1833 1753 1884 quae
1793 1816 1870 1867 in-

160 1882 301 1936 vasit
352 1887 407 1937 et
459 1884 597 1955 eripi
652 1886 757 1941 sibi
811 1885 1070 1939 iudicium
1118 1903 1298 1955 suum,
1345 1888 1508 1941 etiam
1557 1889 1602 1942 si
1643 1907 1868 1959 pravum

159 1959 262 2025 est,
300 1975 412 2011 non
450 1959 594 2013 sinit.

308 2030 506 2087 XVIII.
571 2033 733 2089 Ratio
785 2035 1000 2102 utrique
1051 2034 1191 2102 parti
1243 2038 1457 2106 tempus
1512 2037 1625 2106 dat,
1681 2037 1869 2091 deinde
1905 2055 1927 2094 1

159 2103 566 2161 advocationem
629 2113 684 2163 et
745 2109 848 2163 sibi
909 2107 1067 2177 petit,
1128 2111 1191 2161 ut
1250 2111 1597 2164 excutiendae
1656 2113 1869 2166 veritati

160 2179 395 2250 spatium
449 2180 665 2236 habeat:
719 2184 801 2237 ira
852 2182 1083 2236 festinat.
1162 2184 1302 2238 ratio
1358 2185 1411 2239 id
1467 2186 1702 2240 iudicare
1753 2186 1870 2239 vult

160 2253 304 2325 quod
354 2272 540 2309 aecum
590 2261 694 2311 est:
744 2259 825 2312 ira
863 2256 918 2309 id
957 2274 1142 2310 aecum
1183 2259 1353 2313 videri
1393 2260 1512 2313 vult
1550 2261 1695 2330 quod
1735 2260 1868 2314 iudi-

159 2329 313 2384 cavit.
391 2329 530 2382 ratio
575 2331 655 2384 nil
701 2334 912 2402 praeter
949 2330 1130 2400 ipsum
1169 2332 1234 2386 de
1274 2352 1382 2403 quo
1423 2336 1603 2409 agitur
1641 2338 1865 2405 spectat:
1899 2349 1925 2388 2

308 2445 338 2491 9
368 2444 529 2490 deficit
551 2455 580 2490 ς
602 2445 781 2493 defecit
804 2448 847 2493 A
878 2447 895 2506 ΙΙ
926 2444 982 2491 11
1007 2445 1105 2492 iam
1128 2447 1284 2495 fracta
1309 2451 1470 2497 eret
1500 2451 1596 2496 iam
1621 2452 1692 2496 ira
1716 2450 1868 2495 fracta

159 2509 221 2563 A,
243 2507 322 2553 sed
345 2506 417 2551 ira
439 2518 497 2551 ex
518 2518 631 2550 cor-r.
654 2507 724 2553 A¹
747 2513 897 2553 ortum
919 2505 1010 2551 m‘d.
1041 2506 1059 2566 ΙΙ
1090 2506 1150 2553 15
1206 2510 1315 2555 rimi
1339 2510 1409 2556 A¹
1432 2525 1545 2557 corr.
1571 2526 1628 2557 ex
1650 2510 1828 2569 primus
1858 2511 1862 2565 Ι

159 2567 227 2612 tic
251 2569 295 2613 A
310 2567 356 2612 L
384 2565 508 2610 sicut
532 2564 676 2623 oolq.,·
704 2567 827 2613 illud
846 2566 1005 2626 utique
1027 2523 1293 2625 umnam,
1317 2571 1527 2628 exempla
1548 2571 1726 2628 colleyit
1758 2569 1867 2614 Uhl:

158 2633 327 2684 quaest.
352 2627 451 2672 erit.
475 2625 528 2670 in
550 2623 655 2671 Son.
680 2625 794 2671 dial.
812 2626 938 2672 Diu.
957 2625 1251 2696 Arpemorat.
1272 2633 1391 2676 1899
1412 2634 1540 2688 1253
1562 2630 1580 2690 Η
1603 2628 1660 2674 16
1682 2641 1867 2673 uenena

157 2686 205 2732 A
233 2687 314 2732 sed
344 2700 402 2732 ue
440 2700 475 2732 s.
501 2699 540 2730 v.
569 2683 717 2730 adeor.
747 2684 819 2731 A⁸
853 2686 859 2744 Ι
899 2685 1057 2731 inoni
1080 2688 1127 2734 A
1157 2689 1238 2735 sed
1266 2690 1478 2735 ultimam
1508 2689 1525 2734 i
1557 2688 1663 2735 add.
1692 2689 1745 2733 in
1773 2689 1866 2744 fine

158 2759 313 2792 verm
335 2745 407 2793 A¹
434 2747 452 2805 ιΙ
482 2743 541 2790 18
563 2743 848 2790 comi-erant
870 2745 916 2790 A
945 2746 1282 2795 commiserunt
1302 2749 1494 2795 Fickert
1523 2762 1579 2794 ex
1609 2758 1637 2792 ς
1665 2747 1682 2806 Η
1713 2746 1771 2791 19
1794 2761 1865 2792 re-

158 2804 339 2851 centior
361 2805 430 2852 A²
453 2818 567 2851 corr.
593 2802 664 2849 A'
690 2803 709 2862 ΙΙ
736 2802 797 2849 29
822 2817 963 2873 equm
989 2806 1035 2851 A
1065 2811 1256 2865 utroque
1286 2808 1402 2863 loco,
1432 2807 1514 2853 sed
1544 2822 1572 2864 q
1606 2820 1662 2852 ex
1693 2820 1717 2851 c
1749 2820 1862 2853 corr.

158 2863 229 2910 A’
262 2865 268 2922 Ι
302 2865 456 2910 uideri
488 2862 594 2909 uult
624 2873 652 2907 ς
682 2861 835 2907 uiden
867 2877 961 2908 non
991 2864 1099 2911 uult
1122 2869 1166 2912 A

249 2953 445 2990 Smcn:
465 2962 604 2990 ortu
631 2955 703 2987 1.1.
722 2952 778 2987 ed.
798 2953 1009 2989 Hermu.
1477 2959 1503 2999 5
