2028 3106
167 237 189 276 1

162 907 188 946 ιθ

223 103 334 157 286
568 99 617 143 L.
642 97 880 143 ANNAEI
911 97 1183 143 SENECAE
1215 97 1371 141 DIAL.
1396 98 1508 142 LIB.
1532 97 1587 142 X.

374 219 465 274 VI.
526 219 712 273 Livius
760 218 988 288 Drusus,
1042 219 1125 272 vir
1178 236 1298 271 acer
1347 222 1401 271 et
1447 219 1753 288 vehemens,
1800 239 1920 275 cum

221 297 369 366 leges
399 298 565 349 novas
597 297 652 347 et
681 293 823 346 mala
847 291 1154 347 Gracchana
1184 293 1439 347 movisset
1466 294 1693 363 stipatus
1717 293 1921 365 ingenti

222 370 390 423 totius
428 368 615 423 Italiae
655 370 833 436 coetu,
872 369 1074 421 exitum
1105 385 1283 420 rerum
1312 386 1422 420 non
1452 368 1758 438 pervidens,
1790 387 1920 438 quas

222 461 322 497 nec
374 461 530 515 agere
583 442 781 496 licebat
828 460 926 495 nec
974 442 1082 495 iam
1130 441 1359 494 liberum
1409 445 1523 495 erat
1568 443 1733 496 semel
1778 443 1922 496 inco-

223 519 375 572 hatas
443 517 766 585 relinquere,
830 520 1104 570 execratus
1166 515 1460 584 inquietam
1521 536 1552 570 a
1613 517 1920 587 primordiis

222 593 389 646 vitam
441 593 638 646 dicitur
688 591 905 645 dixisse:
958 591 1053 644 uni
1100 589 1203 643 sibi
1239 608 1306 643 ne
1345 609 1510 660 puero
1552 593 1768 662 quidem
1807 611 1922 645 um-

223 685 384 738 quam
437 667 598 721 ferias
653 667 952 738 contigisse.
1032 683 1191 719 ausus
1246 668 1327 718 est
1379 666 1521 718 enim
1575 670 1628 720 et
1680 668 1920 738 pupillus

222 742 398 796 adhuc
451 745 506 795 et
558 743 918 810 praetextatus
969 739 1234 793 iudicibus
1283 758 1403 793 reos
1450 742 1818 796 commendare
1868 746 1923 796 et

222 818 452 889 gratiam
492 833 642 869 suam
680 816 797 869 foro
838 817 1177 883 interponere
1214 816 1325 866 tam
1364 813 1653 868 efficaciter
1692 817 1922 885 quidem,

220 895 284 945 ut
333 890 593 960 quaedam
644 891 840 944 iudicia
890 891 1101 943 constet
1150 888 1215 941 ab
1265 887 1360 941 illo
1410 891 1577 957 rapta.
1657 907 1762 958 quo
1811 910 1922 944 non

221 966 526 1033 erumperet
578 967 687 1018 tam
735 965 1006 1017 inmatura
1059 961 1319 1015 ambitio?
1403 963 1563 1016 scires
1614 963 1671 1015 in
1720 965 1919 1017 malum

221 1041 412 1110 ingens
452 1040 506 1090 et
542 1039 811 1107 privatum
843 1042 898 1092 et
926 1037 1206 1108 publicum
1237 1054 1514 1090 evasuram
1545 1036 1747 1106 <tam>
1774 1056 1921 1106 prae-

222 1131 450 1182 coquem
490 1113 779 1166 audaciam.
857 1130 974 1167 sero
1021 1111 1203 1180 itaque
1250 1111 1568 1179 querebatur
1604 1112 1781 1165 nullas
1821 1113 1920 1165 sibi

221 1187 381 1241 ferias
444 1187 730 1257 contigisse
784 1207 816 1240 a
868 1204 1037 1256 puero
1101 1185 1384 1239 seditiosus
1446 1188 1500 1238 et
1555 1185 1674 1238 foro
1729 1186 1918 1256 gravis.

223 1261 548 1331 disputatur,
599 1279 666 1313 an
710 1262 824 1330 ipse
871 1261 975 1315 sibi
1021 1277 1210 1313 manus
1249 1259 1512 1328 attulerit3
1562 1259 1740 1313 subito
1779 1260 1919 1313 enim

221 1337 439 1389 volnere
477 1353 574 1405 per
612 1336 811 1405 inguen
850 1337 1071 1404 accepto
1108 1335 1393 1404 conlapsus
1425 1337 1527 1403 est,
1559 1334 1740 1404 aliquo
1773 1334 1921 1387 dubi-

220 1413 392 1479 tante,
441 1429 510 1463 an
559 1428 704 1462 mors
753 1410 864 1464 eius
915 1409 1221 1463 voluntaria
1265 1413 1425 1478 esset,
1470 1409 1645 1478 null0‚
1685 1427 1754 1462 an
1792 1411 1921 1462 tem-

219 1486 440 1557 pestiva.
528 1502 915 1552 supervacuum
970 1486 1052 1537 est
1105 1501 1519 1538 commemorare
1572 1484 1776 1554 plures,
1828 1485 1920 1554 qui

220 1579 343 1615 cum
385 1559 504 1613 aliis
544 1558 839 1612 felicissimi
876 1558 1205 1627 viderentur,
1243 1559 1349 1628 ipsi
1382 1559 1441 1612 in
1472 1577 1527 1612 se
1558 1577 1743 1611 verum
1774 1559 1920 1613 testi-

220 1635 464 1688 monium
490 1633 737 1685 dixerunt
759 1634 938 1703 perosi
963 1651 1176 1686 omnem
1200 1636 1377 1686 actum
1398 1650 1661 1686 annorum
1679 1652 1919 1702 suorum3

221 1709 314 1763 sed
367 1708 451 1761 his
504 1708 751 1776 querellis
802 1727 901 1762 nec
951 1707 1085 1761 alios
1136 1710 1477 1761 mutaverunt
1520 1724 1620 1760 nec
1658 1725 1714 1760 se
1751 1707 1918 1776 ipsos:

220 1801 346 1835 nam
386 1799 508 1834 cum
546 1782 706 1834 verba
743 1785 1053 1852 eruperunt,
1097 1782 1335 1836 adfectus
1375 1782 1442 1835 ad
1482 1780 1919 1835 consuetudinem

220 1857 548 1909 relabuntur.
623 1860 797 1911 vestra
834 1876 919 1910 me
957 1857 1199 1910 hercules
1237 1857 1370 1926 vita,
1407 1856 1536 1910 licet
1575 1873 1737 1923 supra
1774 1855 1921 1908 mille

221 1948 390 1984 annos
452 1932 625 1999 exeat,
685 1931 741 1984 in
802 1932 1128 1986 artissimum
1191 1932 1558 1985 contrahetur:
1627 1929 1730 1982 ista
1789 1929 1920 1982 vitia

219 2005 432 2059 nullum
485 2022 596 2056 non
649 2007 917 2059 saeculum
967 2006 1319 2075 devorabunt3
1368 2007 1474 2059 hoc
1511 2021 1637 2057 vero
1687 2004 1918 2072 spatium

222 2079 392 2150 quod,
445 2079 688 2146 quamvis
740 2084 932 2140 natura
981 2080 1170 2149 currit,
1219 2081 1357 2133 ratio
1409 2079 1620 2145 dilatat,
1668 2078 1774 2131 cito
1822 2097 1917 2132 vos

222 2153 446 2223 effugiat
482 2170 694 2206 necesse
732 2158 834 2223 est3
870 2172 981 2208 non
1015 2154 1157 2208 enim
1188 2152 1518 2223 adprenditis
1549 2169 1648 2205 nec
1679 2153 1918 2206 retinetis

371 2371 398 2416 1
425 2385 541 2417 acer.
568 2377 608 2416 et
637 2373 886 2419 uehemens
909 2374 1018 2477 ΑἿΙ
1046 2374 1076 2419 2
1099 2376 1341 2432 grachana
1364 2372 1411 2417 A
1442 2385 1548 2415 cum
1571 2370 1698 2429 leges
1722 2373 1770 2416 et
1792 2371 1921 2416 mala

222 2433 299 2478 Gr.
324 2432 544 2476 novasset
572 2446 612 2475 v.
638 2432 681 2475 d.
707 2433 828 2478 Vliet
858 2448 963 2478 cum
1013 2447 1123 2491 eges
1154 2445 1331 2477 novans
1363 2432 1411 2475 et
1440 2430 1568 2474 mala
1600 2430 1675 2475 Gr.
1700 2431 1921 2476 movisset

221 2492 449 2539 Schultess
477 2490 494 2550 ΙΙ
523 2489 554 2534 4
583 2504 808 2548 peragere
832 2494 964 2539 Koch
993 2493 998 2552 Ι
1034 2494 1130 2538 iam
1160 2492 1274 2550 volq.
1307 2492 1407 2535 tam
1431 2490 1478 2534 A
1505 2489 1511 2549 Ι
1545 2490 1790 2535 incohatas
1821 2491 1921 2535 sine

221 2554 362 2598 dubio
395 2550 466 2597 A¹
503 2549 750 2594 inchoatas
784 2552 854 2596 A⁵
899 2552 916 2612 ΙΙ
963 2553 1022 2598 12
1059 2555 1160 2597 tam
1206 2551 1314 2596 add.
1346 2550 1474 2595 codd.
1507 2550 1751 2605 Pinciani,
1800 2550 1921 2594 deest

221 2615 273 2657 in
307 2613 354 2658 A
406 2611 412 2672 1
454 2610 514 2655 16
551 2623 637 2666 per
672 2609 847 2667 inguen
887 2614 985 2658 sine
1022 2613 1161 2658 dubio
1192 2610 1263 2656 A¹
1298 2622 1384 2667 per
1421 2609 1553 2666 ignes
1584 2609 1654 2655 A⁵
1690 2611 1743 2655 in
1780 2622 1871 2654 ras,
1904 2605 1921 2665 ΙΙ

221 2672 278 2717 17
303 2688 335 2716 n
406 2685 434 2716 o
465 2672 511 2728 (o
536 2683 592 2715 ex
614 2671 746 2726 corr.)
770 2671 816 2715 A
842 2670 859 2730 ΙΙ
886 2670 946 2716 26
968 2673 1114 2717 currit
1135 2671 1183 2716 A
1213 2669 1294 2716 sed
1322 2683 1466 2725 supra
1495 2669 1536 2714 ri
1561 2683 1647 2726 per
1670 2670 1921 2727 liyatwam

220 2733 441 2788 scriptum
475 2729 546 2775 Α*
584 2742 614 2773 a
650 2729 741 2774 vid.
774 2731 1025 2786 scripsisse,
1066 2744 1182 2788 quae
1225 2731 1311 2774 litt.
1347 2734 1507 2785 postea
1547 2730 1693 2775 deleta
1733 2733 1823 2781 est;
1865 2726 1921 2770 de

214 2797 339 2847 part.
403 2788 618 2848 quamvis
678 2802 781 2833 cum
832 2790 1081 2836 indicativo
1133 2791 1293 2847 posita
1344 2788 1427 2843 cfr.
1477 2788 1614 2834 Gertz
1667 2789 1722 2833 de
1775 2784 1916 2839 benef.

221 2851 354 2953 th’
374 2854 406 2895 2
437 2853 503 2907 (p.
527 2850 663 2906 201>;
693 2848 908 2905 exemplis
936 2850 1004 2894 ibi
1032 2851 1192 2896 allatis
1221 2848 1340 2894 adde
1369 2849 1495 2904 epist.
1519 2851 1592 2904 92,
1611 2852 1669 2893 17
1705 2846 1711 2904 Ι
1746 2844 1868 2889 ratio
1891 2854 1920 2888 ς

222 2922 284 2953 na
306 2909 352 2953 io
384 2911 430 2954 A

1953 908 1996 941 10

1954 1277 1995 1309 15

1951 1649 1997 1682 20

1950 2018 1995 2052 25
