<?xml version="1.0" encoding="UTF-8"?>
<!DOCTYPE html PUBLIC "-//W3C//DTD XHTML 1.0 Transitional//EN"
    "http://www.w3.org/TR/xhtml1/DTD/xhtml1-transitional.dtd">
<html xmlns="http://www.w3.org/1999/xhtml" xml:lang="en" lang="en">
 <head>
  <title>
</title>
<meta http-equiv="Content-Type" content="text/html;charset=utf-8" />
  <meta name='ocr-system' content='tesseract 3.04.00' />
  <meta name='ocr-capabilities' content='ocr_page ocr_carea ocr_par ocr_line ocrx_word'/>
</head>
<body>
  <div class='ocr_page' id='page_1' title='image "./f1operaquaesuper01seneuoft_0121.png"; bbox 0 0 2034 3086; ppageno 0'>
   <div class='ocr_carea' id='block_1_1' title="bbox 640 5 1853 59">
    <p class='ocr_par' dir='ltr' id='par_1_1' title="bbox 640 5 1853 59">
     <span class='ocr_line' id='line_1_1' title="bbox 640 5 1853 59; baseline -0.005 -6"><span class='ocrx_word' id='word_1_1' title='bbox 640 8 722 53; x_wconf 83' lang='lat' dir='ltr'><strong>DE</strong></span> <span class='ocrx_word' id='word_1_2' title='bbox 753 9 861 54; x_wconf 86' lang='lat' dir='ltr'><strong>IRA</strong></span> <span class='ocrx_word' id='word_1_3' title='bbox 892 7 1004 53; x_wconf 92' lang='lat' dir='ltr'>LIB.</span> <span class='ocrx_word' id='word_1_4' title='bbox 1028 6 1084 52; x_wconf 94' lang='lat'><strong>11.</strong></span> <span class='ocrx_word' id='word_1_5' title='bbox 1140 5 1269 52; x_wconf 85' lang='lat' dir='ltr'><strong>GAP.</strong></span> <span class='ocrx_word' id='word_1_6' title='bbox 1295 9 1352 50; x_wconf 81' lang='lat'><strong>28</strong></span> <span class='ocrx_word' id='word_1_7' title='bbox 1783 5 1853 59; x_wconf 83' lang='lat'><strong>97</strong></span> 
     </span>
    </p>
   </div>
   <div class='ocr_carea' id='block_1_2' title="bbox 72 124 1987 2296">
    <p class='ocr_par' dir='ltr' id='par_1_2' title="bbox 72 124 1987 2296">
     <span class='ocr_line' id='line_1_2' title="bbox 147 124 1855 202; baseline -0.006 -14"><span class='ocrx_word' id='word_1_8' title='bbox 147 134 351 189; x_wconf 89' lang='lat' dir='ltr'><strong>bonum</strong></span> <span class='ocrx_word' id='word_1_9' title='bbox 383 131 520 187; x_wconf 87' lang='lat' dir='ltr'><strong>esse!</strong></span> <span class='ocrx_word' id='word_1_10' title='bbox 582 134 785 202; x_wconf 89' lang='lat' dir='ltr'><strong>quanto</strong></span> <span class='ocrx_word' id='word_1_11' title='bbox 816 129 979 184; x_wconf 87' lang='lat' dir='ltr'><strong>latius</strong></span> <span class='ocrx_word' id='word_1_12' title='bbox 1012 127 1317 183; x_wconf 89' lang='lat' dir='ltr'><strong>officiorum</strong></span> <span class='ocrx_word' id='word_1_13' title='bbox 1346 128 1499 196; x_wconf 84' lang='lat' dir='ltr'><strong>patet</strong></span> <span class='ocrx_word' id='word_1_14' title='bbox 1530 143 1693 195; x_wconf 90' lang='lat' dir='ltr'><strong>quam</strong></span> <span class='ocrx_word' id='word_1_15' title='bbox 1724 124 1855 179; x_wconf 86' lang='lat' dir='ltr'><strong>iuris</strong></span> 
     </span>
     <span class='ocr_line' id='line_1_3' title="bbox 146 200 1855 281; baseline -0.006 -19"><span class='ocrx_word' id='word_1_16' title='bbox 146 208 355 281; x_wconf 80' lang='lat' dir='ltr'><strong>regula!</strong></span> <span class='ocrx_word' id='word_1_17' title='bbox 447 224 610 277; x_wconf 87' lang='lat' dir='ltr'><strong>quam</strong></span> <span class='ocrx_word' id='word_1_18' title='bbox 671 206 845 259; x_wconf 86' lang='lat' dir='ltr'><strong>multa</strong></span> <span class='ocrx_word' id='word_1_19' title='bbox 904 204 1102 275; x_wconf 89' lang='lat' dir='ltr'><strong>pietas,</strong></span> <span class='ocrx_word' id='word_1_20' title='bbox 1158 202 1493 270; x_wconf 86' lang='lat' dir='ltr'><strong>humanitas,</strong></span> <span class='ocrx_word' id='word_1_21' title='bbox 1544 200 1855 269; x_wconf 77' lang='lat' dir='ltr'><strong>liberalitas,</strong></span> 
     </span>
     <span class='ocr_line' id='line_1_4' title="bbox 147 275 1856 352; baseline -0.006 -15"><span class='ocrx_word' id='word_1_22' title='bbox 147 283 377 351; x_wconf 83' lang='lat' dir='ltr'><strong>iustitia,</strong></span> <span class='ocrx_word' id='word_1_23' title='bbox 425 281 559 335; x_wconf 88' lang='lat' dir='ltr'><strong>fides</strong></span> <span class='ocrx_word' id='word_1_24' title='bbox 610 281 857 352; x_wconf 83' lang='lat' dir='ltr'><strong>exigunt,</strong></span> <span class='ocrx_word' id='word_1_25' title='bbox 908 296 1046 349; x_wconf 89' lang='lat' dir='ltr'><strong>quae</strong></span> <span class='ocrx_word' id='word_1_26' title='bbox 1085 277 1268 332; x_wconf 86' lang='lat' dir='ltr'><strong>omnia</strong></span> <span class='ocrx_word' id='word_1_27' title='bbox 1305 278 1457 330; x_wconf 85' lang='lat' dir='ltr'><strong>extra</strong></span> <span class='ocrx_word' id='word_1_28' title='bbox 1494 275 1740 344; x_wconf 87' lang='lat' dir='ltr'><strong>publicas</strong></span> <span class='ocrx_word' id='word_1_29' title='bbox 1779 277 1856 328; x_wconf 88' lang='lat' dir='ltr'><strong>ta-</strong></span> 
     </span>
     <span class='ocr_line' id='line_1_5' title="bbox 147 349 1987 422; baseline -0.004 -10"><span class='ocrx_word' id='word_1_30' title='bbox 147 358 302 413; x_wconf 81' lang='lat' dir='ltr'><strong>bulas</strong></span> <span class='ocrx_word' id='word_1_31' title='bbox 352 357 502 410; x_wconf 81' lang='lat' dir='ltr'><strong>sunt!</strong></span> <span class='ocrx_word' id='word_1_32' title='bbox 579 354 672 409; x_wconf 89' lang='lat' dir='ltr'><strong>sed</strong></span> <span class='ocrx_word' id='word_1_33' title='bbox 721 373 790 408; x_wconf 91' lang='lat' dir='ltr'><strong>ne</strong></span> <span class='ocrx_word' id='word_1_34' title='bbox 841 354 908 408; x_wconf 89' lang='lat' dir='ltr'><strong>ad</strong></span> <span class='ocrx_word' id='word_1_35' title='bbox 958 353 1108 406; x_wconf 90' lang='lat' dir='ltr'><strong>illam</strong></span> <span class='ocrx_word' id='word_1_36' title='bbox 1156 351 1374 422; x_wconf 89' lang='lat' dir='ltr'><strong>quidem</strong></span> <span class='ocrx_word' id='word_1_37' title='bbox 1413 349 1740 404; x_wconf 75' lang='lat' dir='ltr'><strong>artissimam</strong></span> <span class='ocrx_word' id='word_1_38' title='bbox 1779 349 1858 403; x_wconf 89' lang='lat' dir='ltr'><strong>in·</strong></span> <span class='ocrx_word' id='word_1_39' title='bbox 1889 363 1916 404; x_wconf 78' lang='lat'>3</span> <span class='ocrx_word' id='word_1_40' title='bbox 1982 350 1987 359; x_wconf 66' lang='grc'><em>”</em></span> 
     </span>
     <span class='ocr_line' id='line_1_6' title="bbox 95 424 1858 500; baseline -0.005 -15"><span class='ocrx_word' id='word_1_41' title='bbox 95 452 117 485; x_wconf 72' lang='grc' dir='ltr'>ε</span> <span class='ocrx_word' id='word_1_42' title='bbox 147 431 428 488; x_wconf 87' lang='lat' dir='ltr'><strong>nocentiae</strong></span> <span class='ocrx_word' id='word_1_43' title='bbox 464 430 755 484; x_wconf 88' lang='lat' dir='ltr'><strong>formulam</strong></span> <span class='ocrx_word' id='word_1_44' title='bbox 793 431 1064 500; x_wconf 86' lang='lat' dir='ltr'><strong>praestare</strong></span> <span class='ocrx_word' id='word_1_45' title='bbox 1101 445 1202 481; x_wconf 89' lang='lat' dir='ltr'><strong>nos</strong></span> <span class='ocrx_word' id='word_1_46' title='bbox 1242 442 1554 497; x_wconf 86' lang='lat' dir='ltr'><strong>possumus:</strong></span> <span class='ocrx_word' id='word_1_47' title='bbox 1593 425 1700 479; x_wconf 89' lang='lat' dir='ltr'><strong>alia</strong></span> <span class='ocrx_word' id='word_1_48' title='bbox 1731 424 1858 479; x_wconf 85' lang='lat' dir='ltr'><strong>feci-</strong></span> 
     </span>
     <span class='ocr_line' id='line_1_7' title="bbox 148 499 1858 577; baseline -0.005 -15"><span class='ocrx_word' id='word_1_49' title='bbox 148 525 292 577; x_wconf 85' lang='lat' dir='ltr'><strong>mus,</strong></span> <span class='ocrx_word' id='word_1_50' title='bbox 339 506 446 560; x_wconf 78' lang='lat' dir='ltr'><strong>alia</strong></span> <span class='ocrx_word' id='word_1_51' title='bbox 495 505 877 577; x_wconf 77' lang='lat' dir='ltr'><strong>cogitavimus,</strong></span> <span class='ocrx_word' id='word_1_52' title='bbox 921 503 1028 558; x_wconf 85' lang='lat' dir='ltr'><strong>alia</strong></span> <span class='ocrx_word' id='word_1_53' title='bbox 1073 503 1404 572; x_wconf 72' lang='lat' dir='ltr'><strong>optavimuS,</strong></span> <span class='ocrx_word' id='word_1_54' title='bbox 1442 500 1563 554; x_wconf 89' lang='lat' dir='ltr'><strong>aliis</strong></span> <span class='ocrx_word' id='word_1_55' title='bbox 1602 499 1858 570; x_wconf 78' lang='lat' dir='ltr'><strong>favimus3</strong></span> 
     </span>
     <span class='ocr_line' id='line_1_8' title="bbox 147 575 1858 652; baseline -0.005 -16"><span class='ocrx_word' id='word_1_56' title='bbox 147 584 205 636; x_wconf 88' lang='lat' dir='ltr'><strong>in</strong></span> <span class='ocrx_word' id='word_1_57' title='bbox 254 580 576 652; x_wconf 83' lang='lat' dir='ltr'><strong>quibusdam</strong></span> <span class='ocrx_word' id='word_1_58' title='bbox 627 581 940 634; x_wconf 82' lang='lat' dir='ltr'><strong>innocentes</strong></span> <span class='ocrx_word' id='word_1_59' title='bbox 990 596 1199 647; x_wconf 88' lang='lat' dir='ltr'><strong>sumus,</strong></span> <span class='ocrx_word' id='word_1_60' title='bbox 1252 577 1379 648; x_wconf 87' lang='lat' dir='ltr'><strong>quia</strong></span> <span class='ocrx_word' id='word_1_61' title='bbox 1427 593 1539 629; x_wconf 91' lang='lat' dir='ltr'><strong>non</strong></span> <span class='ocrx_word' id='word_1_62' title='bbox 1585 575 1858 630; x_wconf 84' lang='lat' dir='ltr'><strong>successit.</strong></span> 
     </span>
     <span class='ocr_line' id='line_1_9' title="bbox 147 650 1917 728; baseline -0.005 -16"><span class='ocrx_word' id='word_1_63' title='bbox 147 658 251 711; x_wconf 91' lang='lat' dir='ltr'><strong>hoc</strong></span> <span class='ocrx_word' id='word_1_64' title='bbox 303 657 604 728; x_wconf 76' lang='lat' dir='ltr'><strong>cogitantes</strong></span> <span class='ocrx_word' id='word_1_65' title='bbox 658 654 937 724; x_wconf 76' lang='lat' dir='ltr'><strong>aequiores</strong></span> <span class='ocrx_word' id='word_1_66' title='bbox 999 653 1167 707; x_wconf 89' lang='lat' dir='ltr'><strong>simus</strong></span> <span class='ocrx_word' id='word_1_67' title='bbox 1233 650 1671 721; x_wconf 87' lang='lat' dir='ltr'><strong>delinquentibus</strong></span> <span class='ocrx_word' id='word_1_68' title='bbox 1679 691 1696 720; x_wconf 94' lang='lat'><strong>,</strong></span> <span class='ocrx_word' id='word_1_69' title='bbox 1749 667 1859 704; x_wconf 86' lang='lat' dir='ltr'><strong>cre-</strong></span> <span class='ocrx_word' id='word_1_70' title='bbox 1888 664 1917 704; x_wconf 83' lang='lat'>4</span> 
     </span>
     <span class='ocr_line' id='line_1_10' title="bbox 146 721 1859 802; baseline -0.004 -16"><span class='ocrx_word' id='word_1_71' title='bbox 146 731 337 786; x_wconf 88' lang='lat' dir='ltr'><strong>damus</strong></span> <span class='ocrx_word' id='word_1_72' title='bbox 387 730 822 802; x_wconf 84' lang='lat' dir='ltr'><strong>obiurgantibus3</strong></span> <span class='ocrx_word' id='word_1_73' title='bbox 870 728 1061 799; x_wconf 83' lang='lat' dir='ltr'><strong>utique</strong></span> <span class='ocrx_word' id='word_1_74' title='bbox 1102 727 1260 781; x_wconf 86' lang='lat' dir='ltr'><strong>bonis</strong></span> <span class='ocrx_word' id='word_1_75' title='bbox 1298 745 1367 780; x_wconf 92' lang='lat' dir='ltr'><strong>ne</strong></span> <span class='ocrx_word' id='word_1_76' title='bbox 1406 727 1701 780; x_wconf 80' lang='lat' dir='ltr'><strong>irascamur</strong></span> <span class='ocrx_word' id='word_1_77' title='bbox 1745 721 1859 797; x_wconf 88' lang='lat' dir='ltr'><strong>(cui</strong></span> 
     </span>
     <span class='ocr_line' id='line_1_11' title="bbox 74 800 1858 876; baseline -0.004 -17"><span class='ocrx_word' id='word_1_78' title='bbox 74 826 117 859; x_wconf 83' lang='lat'><strong>10</strong></span> <span class='ocrx_word' id='word_1_79' title='bbox 146 807 292 861; x_wconf 87' lang='lat' dir='ltr'><strong>enim</strong></span> <span class='ocrx_word' id='word_1_80' title='bbox 330 824 465 876; x_wconf 90' lang='lat' dir='ltr'><strong>non,</strong></span> <span class='ocrx_word' id='word_1_81' title='bbox 501 806 548 860; x_wconf 91' lang='lat' dir='ltr'><strong>si</strong></span> <span class='ocrx_word' id='word_1_82' title='bbox 587 805 744 859; x_wconf 88' lang='lat' dir='ltr'><strong>bonis</strong></span> <span class='ocrx_word' id='word_1_83' title='bbox 784 801 1081 875; x_wconf 80' lang='lat' dir='ltr'><strong>quoque?),</strong></span> <span class='ocrx_word' id='word_1_84' title='bbox 1128 802 1350 855; x_wconf 90' lang='lat' dir='ltr'><strong>minime</strong></span> <span class='ocrx_word' id='word_1_85' title='bbox 1398 801 1525 870; x_wconf 85' lang='lat' dir='ltr'><strong>diis3</strong></span> <span class='ocrx_word' id='word_1_86' title='bbox 1562 818 1675 854; x_wconf 90' lang='lat' dir='ltr'><strong>non</strong></span> <span class='ocrx_word' id='word_1_87' title='bbox 1713 800 1858 853; x_wconf 88' lang='lat' dir='ltr'><strong>enim</strong></span> 
     </span>
     <span class='ocr_line' id='line_1_12' title="bbox 149 873 1859 952; baseline -0.005 -16"><span class='ocrx_word' id='word_1_88' title='bbox 149 881 366 936; x_wconf 88' lang='lat' dir='ltr'><strong>illorum</strong></span> <span class='ocrx_word' id='word_1_89' title='bbox 403 882 478 950; x_wconf 83' lang='lat' dir='ltr'><strong>vi,</strong></span> <span class='ocrx_word' id='word_1_90' title='bbox 523 879 616 934; x_wconf 89' lang='lat' dir='ltr'><strong>sed</strong></span> <span class='ocrx_word' id='word_1_91' title='bbox 653 880 774 952; x_wconf 83' lang='lat' dir='ltr'><strong>lege</strong></span> <span class='ocrx_word' id='word_1_92' title='bbox 812 878 1159 932; x_wconf 74' lang='lat' dir='ltr'><strong>mortalitatis</strong></span> <span class='ocrx_word' id='word_1_93' title='bbox 1197 876 1438 947; x_wconf 88' lang='lat' dir='ltr'><strong>patimur</strong></span> <span class='ocrx_word' id='word_1_94' title='bbox 1476 873 1740 945; x_wconf 88' lang='lat' dir='ltr'><strong>quidquid</strong></span> <span class='ocrx_word' id='word_1_95' title='bbox 1779 874 1859 928; x_wconf 90' lang='lat' dir='ltr'><strong>in-</strong></span> 
     </span>
     <span class='ocr_line' id='line_1_13' title="bbox 147 948 1858 1021; baseline -0.005 -10"><span class='ocrx_word' id='word_1_96' title='bbox 147 955 418 1011; x_wconf 84' lang='lat' dir='ltr'><strong>commodi</strong></span> <span class='ocrx_word' id='word_1_97' title='bbox 472 955 682 1010; x_wconf 86' lang='lat' dir='ltr'><strong>accidit.</strong></span> <span class='ocrx_word' id='word_1_98' title='bbox 783 953 865 1007; x_wconf 81' lang='lat' dir='ltr'><strong>‘at</strong></span> <span class='ocrx_word' id='word_1_99' title='bbox 922 952 1099 1007; x_wconf 92' lang='lat' dir='ltr'><strong>morbi</strong></span> <span class='ocrx_word' id='word_1_100' title='bbox 1161 951 1481 1021; x_wconf 88' lang='lat' dir='ltr'><strong>doloresque</strong></span> <span class='ocrx_word' id='word_1_101' title='bbox 1543 948 1858 1004; x_wconf 68' lang='lat' dir='ltr'><strong>incurrunt?</strong></span> 
     </span>
     <span class='ocr_line' id='line_1_14' title="bbox 146 1025 1858 1101; baseline -0.005 -16"><span class='ocrx_word' id='word_1_102' title='bbox 146 1032 335 1101; x_wconf 87' lang='lat' dir='ltr'><strong>utique</strong></span> <span class='ocrx_word' id='word_1_103' title='bbox 384 1030 567 1099; x_wconf 87' lang='lat' dir='ltr'><strong>aliquo</strong></span> <span class='ocrx_word' id='word_1_104' title='bbox 615 1028 1017 1101; x_wconf 82' lang='lat' dir='ltr'><strong>defungendum</strong></span> <span class='ocrx_word' id='word_1_105' title='bbox 1057 1030 1140 1081; x_wconf 90' lang='lat' dir='ltr'><strong>est</strong></span> <span class='ocrx_word' id='word_1_106' title='bbox 1178 1025 1512 1080; x_wconf 88' lang='lat' dir='ltr'><strong>domicilium</strong></span> <span class='ocrx_word' id='word_1_107' title='bbox 1551 1027 1709 1095; x_wconf 91' lang='lat' dir='ltr'><strong>putre</strong></span> <span class='ocrx_word' id='word_1_108' title='bbox 1748 1041 1858 1078; x_wconf 86' lang='lat' dir='ltr'><strong>sor-</strong></span> 
     </span>
     <span class='ocr_line' id='line_1_15' title="bbox 148 1100 1859 1173; baseline -0.004 -15"><span class='ocrx_word' id='word_1_109' title='bbox 148 1106 277 1158; x_wconf 83' lang='lat' dir='ltr'><strong>titis.</strong></span> <span class='ocrx_word' id='word_1_110' title='bbox 354 1104 564 1159; x_wconf 89' lang='lat' dir='ltr'><strong>dicetur</strong></span> <span class='ocrx_word' id='word_1_111' title='bbox 613 1104 808 1173; x_wconf 86' lang='lat' dir='ltr'><strong>aliquis</strong></span> <span class='ocrx_word' id='word_1_112' title='bbox 858 1102 999 1156; x_wconf 89' lang='lat' dir='ltr'><strong>male</strong></span> <span class='ocrx_word' id='word_1_113' title='bbox 1050 1102 1116 1155; x_wconf 93' lang='lat' dir='ltr'><strong>de</strong></span> <span class='ocrx_word' id='word_1_114' title='bbox 1165 1105 1221 1155; x_wconf 86' lang='lat' dir='ltr'><strong>te</strong></span> <span class='ocrx_word' id='word_1_115' title='bbox 1269 1102 1507 1154; x_wconf 88' lang='lat' dir='ltr'><strong>locutus:</strong></span> <span class='ocrx_word' id='word_1_116' title='bbox 1570 1100 1751 1170; x_wconf 85' lang='lat' dir='ltr'><strong>cogita</strong></span> <span class='ocrx_word' id='word_1_117' title='bbox 1788 1116 1859 1152; x_wconf 92' lang='lat' dir='ltr'><strong>an</strong></span> 
     </span>
     <span class='ocr_line' id='line_1_16' title="bbox 75 1173 1915 1250; baseline -0.003 -18"><span class='ocrx_word' id='word_1_118' title='bbox 75 1198 117 1232; x_wconf 70' lang='grc' dir='ltr'><strong>ιι</strong></span> <span class='ocrx_word' id='word_1_119' title='bbox 147 1180 296 1250; x_wconf 91' lang='lat' dir='ltr'><strong>prior</strong></span> <span class='ocrx_word' id='word_1_120' title='bbox 343 1178 559 1249; x_wconf 88' lang='lat' dir='ltr'><strong>feceris,</strong></span> <span class='ocrx_word' id='word_1_121' title='bbox 609 1179 790 1250; x_wconf 85' lang='lat' dir='ltr'><strong>cogita</strong></span> <span class='ocrx_word' id='word_1_122' title='bbox 839 1176 904 1231; x_wconf 88' lang='lat' dir='ltr'><strong>de</strong></span> <span class='ocrx_word' id='word_1_123' title='bbox 952 1194 1114 1247; x_wconf 89' lang='lat' dir='ltr'><strong>quam</strong></span> <span class='ocrx_word' id='word_1_124' title='bbox 1155 1176 1342 1230; x_wconf 88' lang='lat' dir='ltr'><strong>multis</strong></span> <span class='ocrx_word' id='word_1_125' title='bbox 1381 1174 1634 1243; x_wconf 88' lang='lat' dir='ltr'><strong>loquaris.</strong></span> <span class='ocrx_word' id='word_1_126' title='bbox 1714 1173 1858 1245; x_wconf 88' lang='lat' dir='ltr'><strong>cogi·</strong></span> <span class='ocrx_word' id='word_1_127' title='bbox 1889 1187 1915 1227; x_wconf 82' lang='lat'>5</span> 
     </span>
     <span class='ocr_line' id='line_1_17' title="bbox 147 1249 1856 1324; baseline -0.004 -15"><span class='ocrx_word' id='word_1_128' title='bbox 147 1258 347 1324; x_wconf 85' lang='lat' dir='ltr'><strong>temus,</strong></span> <span class='ocrx_word' id='word_1_129' title='bbox 385 1255 627 1324; x_wconf 90' lang='lat' dir='ltr'><strong>inquam,</strong></span> <span class='ocrx_word' id='word_1_130' title='bbox 660 1254 795 1307; x_wconf 89' lang='lat' dir='ltr'><strong>alios</strong></span> <span class='ocrx_word' id='word_1_131' title='bbox 827 1270 938 1306; x_wconf 92' lang='lat' dir='ltr'><strong>non</strong></span> <span class='ocrx_word' id='word_1_132' title='bbox 968 1251 1143 1306; x_wconf 89' lang='lat' dir='ltr'><strong>facere</strong></span> <span class='ocrx_word' id='word_1_133' title='bbox 1174 1250 1427 1304; x_wconf 90' lang='lat' dir='ltr'><strong>iniuriam</strong></span> <span class='ocrx_word' id='word_1_134' title='bbox 1461 1249 1552 1303; x_wconf 89' lang='lat' dir='ltr'><strong>sed</strong></span> <span class='ocrx_word' id='word_1_135' title='bbox 1582 1266 1856 1319; x_wconf 86' lang='lat' dir='ltr'><strong>reponere,</strong></span> 
     </span>
     <span class='ocr_line' id='line_1_18' title="bbox 147 1323 1857 1399; baseline -0.005 -15"><span class='ocrx_word' id='word_1_136' title='bbox 147 1330 282 1384; x_wconf 85' lang='lat' dir='ltr'><strong>alios</strong></span> <span class='ocrx_word' id='word_1_137' title='bbox 321 1347 420 1399; x_wconf 91' lang='lat' dir='ltr'><strong>pro</strong></span> <span class='ocrx_word' id='word_1_138' title='bbox 458 1328 617 1383; x_wconf 86' lang='lat' dir='ltr'><strong>nobis</strong></span> <span class='ocrx_word' id='word_1_139' title='bbox 656 1327 853 1397; x_wconf 87' lang='lat' dir='ltr'><strong>facere,</strong></span> <span class='ocrx_word' id='word_1_140' title='bbox 892 1327 1027 1381; x_wconf 89' lang='lat' dir='ltr'><strong>alios</strong></span> <span class='ocrx_word' id='word_1_141' title='bbox 1060 1328 1274 1380; x_wconf 87' lang='lat' dir='ltr'><strong>coactos</strong></span> <span class='ocrx_word' id='word_1_142' title='bbox 1306 1324 1505 1395; x_wconf 87' lang='lat' dir='ltr'><strong>facere,</strong></span> <span class='ocrx_word' id='word_1_143' title='bbox 1537 1324 1673 1377; x_wconf 85' lang='lat' dir='ltr'><strong>alios</strong></span> <span class='ocrx_word' id='word_1_144' title='bbox 1705 1323 1857 1395; x_wconf 83' lang='lat' dir='ltr'><strong>igno-</strong></span> 
     </span>
     <span class='ocr_line' id='line_1_19' title="bbox 146 1398 1858 1474; baseline -0.005 -15"><span class='ocrx_word' id='word_1_145' title='bbox 146 1407 349 1474; x_wconf 81' lang='lat' dir='ltr'><strong>rantes,</strong></span> <span class='ocrx_word' id='word_1_146' title='bbox 388 1404 550 1458; x_wconf 86' lang='lat' dir='ltr'><strong>etiam</strong></span> <span class='ocrx_word' id='word_1_147' title='bbox 582 1421 696 1473; x_wconf 88' lang='lat' dir='ltr'><strong>eos,</strong></span> <span class='ocrx_word' id='word_1_148' title='bbox 733 1403 826 1473; x_wconf 89' lang='lat' dir='ltr'><strong>qui</strong></span> <span class='ocrx_word' id='word_1_149' title='bbox 865 1401 1107 1456; x_wconf 83' lang='lat' dir='ltr'><strong>volentes</strong></span> <span class='ocrx_word' id='word_1_150' title='bbox 1147 1400 1483 1468; x_wconf 88' lang='lat' dir='ltr'><strong>scientesque</strong></span> <span class='ocrx_word' id='word_1_151' title='bbox 1521 1398 1751 1467; x_wconf 89' lang='lat' dir='ltr'><strong>faciunt,</strong></span> <span class='ocrx_word' id='word_1_152' title='bbox 1791 1416 1858 1451; x_wconf 84' lang='lat' dir='ltr'><strong>ex</strong></span> 
     </span>
     <span class='ocr_line' id='line_1_20' title="bbox 147 1472 1856 1548; baseline -0.005 -14"><span class='ocrx_word' id='word_1_153' title='bbox 147 1478 345 1533; x_wconf 86' lang='lat' dir='ltr'><strong>iniuria</strong></span> <span class='ocrx_word' id='word_1_154' title='bbox 387 1481 575 1533; x_wconf 87' lang='lat' dir='ltr'><strong>nostra</strong></span> <span class='ocrx_word' id='word_1_155' title='bbox 618 1496 731 1532; x_wconf 92' lang='lat' dir='ltr'><strong>non</strong></span> <span class='ocrx_word' id='word_1_156' title='bbox 769 1478 943 1548; x_wconf 87' lang='lat' dir='ltr'><strong>ipsam</strong></span> <span class='ocrx_word' id='word_1_157' title='bbox 983 1476 1233 1531; x_wconf 88' lang='lat' dir='ltr'><strong>iniuriam</strong></span> <span class='ocrx_word' id='word_1_158' title='bbox 1272 1477 1478 1545; x_wconf 85' lang='lat' dir='ltr'><strong>petere:</strong></span> <span class='ocrx_word' id='word_1_159' title='bbox 1540 1476 1635 1527; x_wconf 89' lang='lat' dir='ltr'><strong>aut</strong></span> <span class='ocrx_word' id='word_1_160' title='bbox 1680 1472 1856 1527; x_wconf 90' lang='lat' dir='ltr'><strong>dulce-</strong></span> 
     </span>
     <span class='ocr_line' id='line_1_21' title="bbox 73 1548 1858 1623; baseline -0.003 -18"><span class='ocrx_word' id='word_1_161' title='bbox 73 1571 117 1605; x_wconf 73' lang='lat'><strong>20</strong></span> <span class='ocrx_word' id='word_1_162' title='bbox 147 1554 270 1608; x_wconf 89' lang='lat' dir='ltr'><strong>dine</strong></span> <span class='ocrx_word' id='word_1_163' title='bbox 319 1553 641 1608; x_wconf 83' lang='lat' dir='ltr'><strong>urbanitatis</strong></span> <span class='ocrx_word' id='word_1_164' title='bbox 690 1553 975 1623; x_wconf 83' lang='lat' dir='ltr'><strong>prolapsus</strong></span> <span class='ocrx_word' id='word_1_165' title='bbox 1027 1554 1130 1621; x_wconf 86' lang='lat' dir='ltr'><strong>est,</strong></span> <span class='ocrx_word' id='word_1_166' title='bbox 1181 1552 1275 1604; x_wconf 88' lang='lat' dir='ltr'><strong>aut</strong></span> <span class='ocrx_word' id='word_1_167' title='bbox 1311 1549 1442 1603; x_wconf 89' lang='lat' dir='ltr'><strong>fecit</strong></span> <span class='ocrx_word' id='word_1_168' title='bbox 1480 1548 1707 1619; x_wconf 83' lang='lat' dir='ltr'><strong>aliquid,</strong></span> <span class='ocrx_word' id='word_1_169' title='bbox 1745 1565 1858 1608; x_wconf 86' lang='lat' dir='ltr'><strong>non</strong></span> 
     </span>
     <span class='ocr_line' id='line_1_22' title="bbox 147 1625 1856 1697; baseline -0.004 -14"><span class='ocrx_word' id='word_1_170' title='bbox 147 1633 209 1683; x_wconf 84' lang='lat' dir='ltr'><strong>ut</strong></span> <span class='ocrx_word' id='word_1_171' title='bbox 245 1628 403 1683; x_wconf 86' lang='lat' dir='ltr'><strong>nobis</strong></span> <span class='ocrx_word' id='word_1_172' title='bbox 442 1629 676 1697; x_wconf 88' lang='lat' dir='ltr'><strong>obesset,</strong></span> <span class='ocrx_word' id='word_1_173' title='bbox 723 1626 815 1682; x_wconf 88' lang='lat' dir='ltr'><strong>sed</strong></span> <span class='ocrx_word' id='word_1_174' title='bbox 862 1627 990 1697; x_wconf 90' lang='lat' dir='ltr'><strong>quia</strong></span> <span class='ocrx_word' id='word_1_175' title='bbox 1032 1625 1288 1695; x_wconf 89' lang='lat' dir='ltr'><strong>consequi</strong></span> <span class='ocrx_word' id='word_1_176' title='bbox 1326 1625 1443 1695; x_wconf 88' lang='lat' dir='ltr'><strong>ipse</strong></span> <span class='ocrx_word' id='word_1_177' title='bbox 1480 1642 1593 1679; x_wconf 92' lang='lat' dir='ltr'><strong>non</strong></span> <span class='ocrx_word' id='word_1_178' title='bbox 1630 1626 1856 1694; x_wconf 86' lang='lat' dir='ltr'><strong>poterat,</strong></span> 
     </span>
     <span class='ocr_line' id='line_1_23' title="bbox 146 1697 1858 1773; baseline -0.004 -15"><span class='ocrx_word' id='word_1_179' title='bbox 146 1704 251 1758; x_wconf 82' lang='lat' dir='ltr'><strong>nisi</strong></span> <span class='ocrx_word' id='word_1_180' title='bbox 311 1722 412 1758; x_wconf 87' lang='lat' dir='ltr'><strong>nos</strong></span> <span class='ocrx_word' id='word_1_181' title='bbox 472 1703 782 1773; x_wconf 84' lang='lat' dir='ltr'><strong>repulisset3</strong></span> <span class='ocrx_word' id='word_1_182' title='bbox 844 1720 1001 1772; x_wconf 85' lang='lat' dir='ltr'><strong>saepe</strong></span> <span class='ocrx_word' id='word_1_183' title='bbox 1063 1700 1326 1770; x_wconf 83' lang='lat' dir='ltr'><strong>adulatiO,</strong></span> <span class='ocrx_word' id='word_1_184' title='bbox 1378 1699 1507 1753; x_wconf 90' lang='lat' dir='ltr'><strong>dum</strong></span> <span class='ocrx_word' id='word_1_185' title='bbox 1566 1697 1858 1767; x_wconf 88' lang='lat' dir='ltr'><strong>blanditur,</strong></span> 
     </span>
     <span class='ocr_line' id='line_1_24' title="bbox 146 1772 1914 1849; baseline -0.003 -16"><span class='ocrx_word' id='word_1_186' title='bbox 146 1777 383 1833; x_wconf 77' lang='lat' dir='ltr'><strong>offendit</strong></span> <span class='ocrx_word' id='word_1_187' title='bbox 463 1778 707 1849; x_wconf 85' lang='lat' dir='ltr'><strong>quisquis</strong></span> <span class='ocrx_word' id='word_1_188' title='bbox 762 1776 830 1832; x_wconf 84' lang='lat' dir='ltr'><strong>ad</strong></span> <span class='ocrx_word' id='word_1_189' title='bbox 885 1794 941 1831; x_wconf 86' lang='lat' dir='ltr'><strong>se</strong></span> <span class='ocrx_word' id='word_1_190' title='bbox 994 1775 1283 1845; x_wconf 85' lang='lat' dir='ltr'><strong>rettulerit,</strong></span> <span class='ocrx_word' id='word_1_191' title='bbox 1332 1774 1581 1845; x_wconf 90' lang='lat' dir='ltr'><strong>quotiens</strong></span> <span class='ocrx_word' id='word_1_192' title='bbox 1632 1772 1748 1842; x_wconf 87' lang='lat' dir='ltr'><strong>ipse</strong></span> <span class='ocrx_word' id='word_1_193' title='bbox 1798 1772 1857 1826; x_wconf 91' lang='lat' dir='ltr'><strong>in</strong></span> <span class='ocrx_word' id='word_1_194' title='bbox 1888 1786 1914 1827; x_wconf 79' lang='grc'><strong>6</strong></span> 
     </span>
     <span class='ocr_line' id='line_1_25' title="bbox 147 1847 1855 1924; baseline -0.004 -16"><span class='ocrx_word' id='word_1_195' title='bbox 147 1854 506 1924; x_wconf 83' lang='lat' dir='ltr'><strong>suspicionem</strong></span> <span class='ocrx_word' id='word_1_196' title='bbox 546 1852 738 1907; x_wconf 85' lang='lat' dir='ltr'><strong>falsam</strong></span> <span class='ocrx_word' id='word_1_197' title='bbox 778 1851 1047 1920; x_wconf 88' lang='lat' dir='ltr'><strong>inciderit,</strong></span> <span class='ocrx_word' id='word_1_198' title='bbox 1088 1868 1250 1921; x_wconf 88' lang='lat' dir='ltr'><strong>quam</strong></span> <span class='ocrx_word' id='word_1_199' title='bbox 1290 1850 1475 1903; x_wconf 88' lang='lat' dir='ltr'><strong>multis</strong></span> <span class='ocrx_word' id='word_1_200' title='bbox 1516 1847 1710 1902; x_wconf 86' lang='lat' dir='ltr'><strong>officiis</strong></span> <span class='ocrx_word' id='word_1_201' title='bbox 1743 1847 1855 1902; x_wconf 85' lang='lat' dir='ltr'><strong>suis</strong></span> 
     </span>
     <span class='ocr_line' id='line_1_26' title="bbox 72 1923 1858 1999; baseline -0.001 -21"><span class='ocrx_word' id='word_1_202' title='bbox 72 1943 115 1978; x_wconf 72' lang='lat' dir='ltr'><strong><em>n</em></strong></span> <span class='ocrx_word' id='word_1_203' title='bbox 147 1928 366 1983; x_wconf 81' lang='lat' dir='ltr'><strong>fortuna</strong></span> <span class='ocrx_word' id='word_1_204' title='bbox 413 1928 647 1999; x_wconf 86' lang='lat' dir='ltr'><strong>speciem</strong></span> <span class='ocrx_word' id='word_1_205' title='bbox 698 1927 924 1981; x_wconf 87' lang='lat' dir='ltr'><strong>iniuriae</strong></span> <span class='ocrx_word' id='word_1_206' title='bbox 975 1926 1233 1996; x_wconf 87' lang='lat' dir='ltr'><strong>induerit,</strong></span> <span class='ocrx_word' id='word_1_207' title='bbox 1282 1942 1442 1995; x_wconf 84' lang='lat' dir='ltr'><strong>quam</strong></span> <span class='ocrx_word' id='word_1_208' title='bbox 1482 1923 1685 1977; x_wconf 87' lang='lat' dir='ltr'><strong>multos</strong></span> <span class='ocrx_word' id='word_1_209' title='bbox 1730 1925 1858 1993; x_wconf 89' lang='lat' dir='ltr'><strong>post</strong></span> 
     </span>
     <span class='ocr_line' id='line_1_27' title="bbox 147 1997 1855 2073; baseline -0.003 -17"><span class='ocrx_word' id='word_1_210' title='bbox 147 2001 331 2056; x_wconf 91' lang='lat' dir='ltr'><strong>odium</strong></span> <span class='ocrx_word' id='word_1_211' title='bbox 364 2021 542 2057; x_wconf 90' lang='lat' dir='ltr'><strong>amare</strong></span> <span class='ocrx_word' id='word_1_212' title='bbox 574 2003 838 2073; x_wconf 86' lang='lat' dir='ltr'><strong>coeperit,</strong></span> <span class='ocrx_word' id='word_1_213' title='bbox 866 2001 1068 2071; x_wconf 88' lang='lat' dir='ltr'><strong>poterit</strong></span> <span class='ocrx_word' id='word_1_214' title='bbox 1096 2018 1209 2055; x_wconf 90' lang='lat' dir='ltr'><strong>non</strong></span> <span class='ocrx_word' id='word_1_215' title='bbox 1240 1999 1422 2054; x_wconf 85' lang='lat' dir='ltr'><strong>statim</strong></span> <span class='ocrx_word' id='word_1_216' title='bbox 1455 1997 1635 2067; x_wconf 86' lang='lat' dir='ltr'><strong>irasci,</strong></span> <span class='ocrx_word' id='word_1_217' title='bbox 1666 1998 1855 2068; x_wconf 91' lang='lat' dir='ltr'><strong>utique</strong></span> 
     </span>
     <span class='ocr_line' id='line_1_28' title="bbox 146 2071 1854 2148; baseline -0.004 -17"><span class='ocrx_word' id='word_1_218' title='bbox 146 2076 194 2131; x_wconf 82' lang='lat' dir='ltr'><strong>si</strong></span> <span class='ocrx_word' id='word_1_219' title='bbox 247 2076 350 2131; x_wconf 85' lang='lat' dir='ltr'><strong>sibi</strong></span> <span class='ocrx_word' id='word_1_220' title='bbox 404 2077 601 2131; x_wconf 83' lang='lat' dir='ltr'><strong>tacitns</strong></span> <span class='ocrx_word' id='word_1_221' title='bbox 655 2076 722 2131; x_wconf 88' lang='lat' dir='ltr'><strong>ad</strong></span> <span class='ocrx_word' id='word_1_222' title='bbox 776 2076 991 2148; x_wconf 81' lang='lat' dir='ltr'><strong>singula</strong></span> <span class='ocrx_word' id='word_1_223' title='bbox 1044 2075 1240 2145; x_wconf 89' lang='lat' dir='ltr'><strong>quibus</strong></span> <span class='ocrx_word' id='word_1_224' title='bbox 1296 2071 1586 2128; x_wconf 84' lang='lat' dir='ltr'><strong>offenditur</strong></span> <span class='ocrx_word' id='word_1_225' title='bbox 1639 2071 1854 2126; x_wconf 84' lang='lat' dir='ltr'><strong>dixerit:</strong></span> 
     </span>
     <span class='ocr_line' id='line_1_29' title="bbox 147 2146 1853 2223; baseline -0.004 -17"><span class='ocrx_word' id='word_1_226' title='bbox 147 2150 279 2207; x_wconf 83' lang='lat' dir='ltr'><strong>‘hoc</strong></span> <span class='ocrx_word' id='word_1_227' title='bbox 317 2155 372 2207; x_wconf 85' lang='lat' dir='ltr'><strong>et</strong></span> <span class='ocrx_word' id='word_1_228' title='bbox 410 2152 523 2223; x_wconf 87' lang='lat' dir='ltr'><strong>ipse</strong></span> <span class='ocrx_word' id='word_1_229' title='bbox 562 2150 844 2207; x_wconf 62' lang='lat' dir='ltr'><strong>commisi?</strong></span> <span class='ocrx_word' id='word_1_230' title='bbox 919 2149 1011 2204; x_wconf 85' lang='lat' dir='ltr'><strong>sed</strong></span> <span class='ocrx_word' id='word_1_231' title='bbox 1058 2149 1152 2204; x_wconf 90' lang='lat' dir='ltr'><strong>ubi</strong></span> <span class='ocrx_word' id='word_1_232' title='bbox 1199 2152 1310 2203; x_wconf 84' lang='lat' dir='ltr'><strong>tam</strong></span> <span class='ocrx_word' id='word_1_233' title='bbox 1350 2166 1582 2218; x_wconf 86' lang='lat' dir='ltr'><strong>aequum</strong></span> <span class='ocrx_word' id='word_1_234' title='bbox 1622 2146 1853 2201; x_wconf 89' lang='lat' dir='ltr'><strong>iudicem</strong></span> 
     </span>
     <span class='ocr_line' id='line_1_30' title="bbox 148 2221 1855 2296; baseline -0.004 -15"><span class='ocrx_word' id='word_1_235' title='bbox 148 2225 423 2281; x_wconf 79' lang='lat' dir='ltr'><strong>invenies?</strong></span> <span class='ocrx_word' id='word_1_236' title='bbox 499 2227 543 2280; x_wconf 89' lang='lat' dir='ltr'><strong>is</strong></span> <span class='ocrx_word' id='word_1_237' title='bbox 595 2227 689 2296; x_wconf 90' lang='lat' dir='ltr'><strong>qui</strong></span> <span class='ocrx_word' id='word_1_238' title='bbox 738 2226 940 2280; x_wconf 88' lang='lat' dir='ltr'><strong>nullius</strong></span> <span class='ocrx_word' id='word_1_239' title='bbox 990 2243 1102 2279; x_wconf 93' lang='lat' dir='ltr'><strong>non</strong></span> <span class='ocrx_word' id='word_1_240' title='bbox 1151 2240 1372 2278; x_wconf 88' lang='lat' dir='ltr'><strong>uxorem</strong></span> <span class='ocrx_word' id='word_1_241' title='bbox 1420 2221 1756 2293; x_wconf 91' lang='lat' dir='ltr'><strong>concupiscit</strong></span> <span class='ocrx_word' id='word_1_242' title='bbox 1801 2224 1855 2275; x_wconf 92' lang='lat' dir='ltr'><strong>et</strong></span> 
     </span>
    </p>
   </div>
   <div class='ocr_carea' id='block_1_3' title="bbox 142 2414 1855 2896">
    <p class='ocr_par' dir='ltr' id='par_1_3' title="bbox 142 2414 1855 2896">
     <span class='ocr_line' id='line_1_31' title="bbox 297 2414 1855 2476; baseline -0.003 -13"><span class='ocrx_word' id='word_1_243' title='bbox 297 2417 327 2463; x_wconf 80' lang='lat'><em>2</em></span> <span class='ocrx_word' id='word_1_244' title='bbox 371 2417 634 2464; x_wconf 76' lang='lat' dir='ltr'><strong>liberalitas</strong></span> <span class='ocrx_word' id='word_1_245' title='bbox 680 2420 719 2475; x_wconf 81' lang='lat' dir='ltr'><strong>(s</strong></span> <span class='ocrx_word' id='word_1_246' title='bbox 757 2432 793 2463; x_wconf 77' lang='grc' dir='ltr'><strong>ε.</strong></span> <span class='ocrx_word' id='word_1_247' title='bbox 818 2419 878 2476; x_wconf 87' lang='lat' dir='ltr'><strong>v.)</strong></span> <span class='ocrx_word' id='word_1_248' title='bbox 922 2415 1005 2473; x_wconf 54' lang='grc' dir='ltr'><strong>ΑΒ,</strong></span> <span class='ocrx_word' id='word_1_249' title='bbox 1051 2429 1107 2461; x_wconf 73' lang='lat' dir='ltr'><strong>ex</strong></span> <span class='ocrx_word' id='word_1_250' title='bbox 1149 2414 1218 2460; x_wconf 62' lang='grc' dir='ltr'><strong>Α*</strong></span> <span class='ocrx_word' id='word_1_251' title='bbox 1262 2416 1496 2474; x_wconf 64' lang='grc' dir='ltr'><strong>κήρινα-α</strong></span> <span class='ocrx_word' id='word_1_252' title='bbox 1541 2414 1855 2471; x_wconf 65' lang='lat' dir='ltr'><strong>dispiciuntur</strong></span> 
     </span>
     <span class='ocr_line' id='line_1_32' title="bbox 148 2472 1853 2537; baseline -0.004 -14"><span class='ocrx_word' id='word_1_253' title='bbox 148 2477 243 2524; x_wconf 84' lang='lat' dir='ltr'><strong>libe</strong></span> <span class='ocrx_word' id='word_1_254' title='bbox 261 2513 421 2525; x_wconf 85' lang='grc'><strong>......</strong></span> <span class='ocrx_word' id='word_1_255' title='bbox 439 2492 462 2523; x_wconf 79' lang='grc' dir='ltr'>ι</span> <span class='ocrx_word' id='word_1_256' title='bbox 476 2479 493 2537; x_wconf 76' lang='grc' dir='ltr'><strong>ΙΙ</strong></span> <span class='ocrx_word' id='word_1_257' title='bbox 513 2478 544 2524; x_wconf 78' lang='grc'>9</span> <span class='ocrx_word' id='word_1_258' title='bbox 559 2483 602 2524; x_wconf 78' lang='lat' dir='ltr'><strong>et</strong></span> <span class='ocrx_word' id='word_1_259' title='bbox 618 2477 676 2523; x_wconf 84' lang='lat' dir='ltr'><strong>lo</strong></span> <span class='ocrx_word' id='word_1_260' title='bbox 698 2475 834 2523; x_wconf 81' lang='lat' dir='ltr'><strong>bonis</strong></span> <span class='ocrx_word' id='word_1_261' title='bbox 853 2482 1043 2534; x_wconf 76' lang='lat' dir='ltr'><strong>utroque</strong></span> <span class='ocrx_word' id='word_1_262' title='bbox 1059 2476 1155 2521; x_wconf 81' lang='lat' dir='ltr'><strong>loco</strong></span> <span class='ocrx_word' id='word_1_263' title='bbox 1169 2489 1254 2521; x_wconf 76' lang='lat' dir='ltr'><strong>scr.</strong></span> <span class='ocrx_word' id='word_1_264' title='bbox 1269 2475 1405 2522; x_wconf 73' lang='lat' dir='ltr'><strong>Gertz</strong></span> <span class='ocrx_word' id='word_1_265' title='bbox 1419 2474 1519 2521; x_wconf 84' lang='lat' dir='ltr'><strong>coll.</strong></span> <span class='ocrx_word' id='word_1_266' title='bbox 1534 2487 1571 2519; x_wconf 87' lang='lat' dir='ltr'><strong>c.</strong></span> <span class='ocrx_word' id='word_1_267' title='bbox 1587 2476 1703 2530; x_wconf 79' lang='lat'><strong>27,3</strong></span> <span class='ocrx_word' id='word_1_268' title='bbox 1716 2472 1853 2520; x_wconf 84' lang='lat' dir='ltr'><strong>nobis</strong></span> 
     </span>
     <span class='ocr_line' id='line_1_33' title="bbox 150 2531 1853 2598; baseline -0.003 -14"><span class='ocrx_word' id='word_1_269' title='bbox 150 2540 194 2584; x_wconf 75' lang='lat' dir='ltr'><em>A</em></span> <span class='ocrx_word' id='word_1_270' title='bbox 235 2540 254 2598; x_wconf 84' lang='grc' dir='ltr'><strong>ΙΙ</strong></span> <span class='ocrx_word' id='word_1_271' title='bbox 295 2538 351 2583; x_wconf 88' lang='lat'><strong>11</strong></span> <span class='ocrx_word' id='word_1_272' title='bbox 390 2536 578 2583; x_wconf 84' lang='lat' dir='ltr'><strong>illorum</strong></span> <span class='ocrx_word' id='word_1_273' title='bbox 619 2537 781 2595; x_wconf 81' lang='lat' dir='ltr'><strong>&lt;vi&gt;</strong></span> <span class='ocrx_word' id='word_1_274' title='bbox 820 2538 986 2595; x_wconf 72' lang='lat' dir='ltr'><strong>scripsi</strong></span> <span class='ocrx_word' id='word_1_275' title='bbox 1015 2541 1058 2581; x_wconf 81' lang='lat' dir='ltr'><strong>et</strong></span> <span class='ocrx_word' id='word_1_276' title='bbox 1086 2536 1205 2582; x_wconf 78' lang='lat' dir='ltr'><strong>idem</strong></span> <span class='ocrx_word' id='word_1_277' title='bbox 1236 2536 1413 2582; x_wconf 74' lang='lat' dir='ltr'><strong>invenit</strong></span> <span class='ocrx_word' id='word_1_278' title='bbox 1444 2535 1500 2580; x_wconf 91' lang='lat' dir='ltr'><strong>P.</strong></span> <span class='ocrx_word' id='word_1_279' title='bbox 1524 2534 1720 2580; x_wconf 78' lang='lat' dir='ltr'><strong>Thomas</strong></span> <span class='ocrx_word' id='word_1_280' title='bbox 1749 2531 1853 2578; x_wconf 89' lang='lat' dir='ltr'><strong>illo-</strong></span> 
     </span>
     <span class='ocr_line' id='line_1_34' title="bbox 149 2592 1852 2656; baseline -0.003 -13"><span class='ocrx_word' id='word_1_281' title='bbox 149 2612 252 2643; x_wconf 83' lang='lat' dir='ltr'><strong>rum</strong></span> <span class='ocrx_word' id='word_1_282' title='bbox 287 2599 333 2644; x_wconf 72' lang='lat' dir='ltr'><strong><em>A</em></strong></span> <span class='ocrx_word' id='word_1_283' title='bbox 375 2599 392 2655; x_wconf 80' lang='grc' dir='ltr'><strong>ΙΙ</strong></span> <span class='ocrx_word' id='word_1_284' title='bbox 433 2595 493 2643; x_wconf 74' lang='lat'><strong>1⁸</strong></span> <span class='ocrx_word' id='word_1_285' title='bbox 530 2596 691 2655; x_wconf 77' lang='lat' dir='ltr'><strong>aliquo</strong></span> <span class='ocrx_word' id='word_1_286' title='bbox 731 2595 1078 2656; x_wconf 74' lang='lat' dir='ltr'><strong>defungendum</strong></span> <span class='ocrx_word' id='word_1_287' title='bbox 1115 2595 1316 2654; x_wconf 73' lang='lat' dir='ltr'><strong>Madviq</strong></span> <span class='ocrx_word' id='word_1_288' title='bbox 1349 2592 1544 2652; x_wconf 89' lang='lat' dir='ltr'><strong>aliquod</strong></span> <span class='ocrx_word' id='word_1_289' title='bbox 1574 2592 1852 2653; x_wconf 78' lang='lat' dir='ltr'><strong>fugiendum</strong></span> 
     </span>
     <span class='ocr_line' id='line_1_35' title="bbox 149 2653 1854 2717; baseline -0.002 -14"><span class='ocrx_word' id='word_1_290' title='bbox 149 2659 194 2703; x_wconf 74' lang='lat' dir='ltr'><strong><em>A</em></strong></span> <span class='ocrx_word' id='word_1_291' title='bbox 224 2660 242 2717; x_wconf 78' lang='grc' dir='ltr'><strong>ΙΙ</strong></span> <span class='ocrx_word' id='word_1_292' title='bbox 272 2657 332 2704; x_wconf 75' lang='lat'><strong>15</strong></span> <span class='ocrx_word' id='word_1_293' title='bbox 362 2659 531 2715; x_wconf 85' lang='lat' dir='ltr'><strong>&lt;tu&gt;</strong></span> <span class='ocrx_word' id='word_1_294' title='bbox 564 2655 774 2715; x_wconf 77' lang='lat' dir='ltr'><strong>loquaris</strong></span> <span class='ocrx_word' id='word_1_295' title='bbox 797 2670 931 2716; x_wconf 76' lang='lat' dir='ltr'><strong>prop.</strong></span> <span class='ocrx_word' id='word_1_296' title='bbox 957 2655 1219 2702; x_wconf 74' lang='lat' dir='ltr'><strong>Feldmamt</strong></span> <span class='ocrx_word' id='word_1_297' title='bbox 1296 2654 1352 2700; x_wconf 78' lang='lat'><strong>17</strong></span> <span class='ocrx_word' id='word_1_298' title='bbox 1375 2668 1462 2712; x_wconf 86' lang='lat' dir='ltr'><strong>pro</strong></span> <span class='ocrx_word' id='word_1_299' title='bbox 1489 2653 1626 2700; x_wconf 78' lang='lat' dir='ltr'><strong>nobis</strong></span> <span class='ocrx_word' id='word_1_300' title='bbox 1650 2655 1710 2710; x_wconf 76' lang='lat' dir='ltr'><strong>A,</strong></span> <span class='ocrx_word' id='word_1_301' title='bbox 1734 2653 1854 2711; x_wconf 77' lang='lat' dir='ltr'><strong>quod</strong></span> 
     </span>
     <span class='ocr_line' id='line_1_36' title="bbox 149 2714 1852 2775; baseline -0.002 -13"><span class='ocrx_word' id='word_1_302' title='bbox 149 2722 275 2763; x_wconf 72' lang='lat' dir='ltr'><strong>teneo</strong></span> <span class='ocrx_word' id='word_1_303' title='bbox 304 2732 407 2764; x_wconf 77' lang='lat' dir='ltr'><strong>eum</strong></span> <span class='ocrx_word' id='word_1_304' title='bbox 433 2717 614 2763; x_wconf 67' lang='lat' dir='ltr'><strong>Haaa‘o</strong></span> <span class='ocrx_word' id='word_1_305' title='bbox 644 2730 815 2775; x_wconf 81' lang='lat' dir='ltr'><strong>pronos</strong></span> <span class='ocrx_word' id='word_1_306' title='bbox 841 2718 884 2762; x_wconf 89' lang='lat' dir='ltr'><em>L</em></span> <span class='ocrx_word' id='word_1_307' title='bbox 915 2722 957 2762; x_wconf 79' lang='lat' dir='ltr'><strong>et</strong></span> <span class='ocrx_word' id='word_1_308' title='bbox 990 2715 1102 2775; x_wconf 75' lang='lat'><em>0019.</em></span> <span class='ocrx_word' id='word_1_309' title='bbox 1133 2729 1221 2774; x_wconf 84' lang='lat' dir='ltr'><strong>pro</strong></span> <span class='ocrx_word' id='word_1_310' title='bbox 1284 2728 1373 2760; x_wconf 88' lang='lat' dir='ltr'><strong>ono</strong></span> <span class='ocrx_word' id='word_1_311' title='bbox 1410 2714 1545 2761; x_wconf 67' lang='lat' dir='ltr'><strong>Gertz</strong></span> <span class='ocrx_word' id='word_1_312' title='bbox 1576 2714 1852 2773; x_wconf 82' lang='lat' dir='ltr'><strong>provocatos</strong></span> 
     </span>
     <span class='ocr_line' id='line_1_37' title="bbox 149 2773 1854 2896; baseline -0.002 -74"><span class='ocrx_word' id='word_1_313' title='bbox 149 2775 456 2896; x_wconf 50' lang='grc' dir='ltr'><strong>βαάαιζὸἓαίι</strong></span> <span class='ocrx_word' id='word_1_314' title='bbox 477 2775 595 2822; x_wconf 78' lang='lat' dir='ltr'><strong>alios</strong></span> <span class='ocrx_word' id='word_1_315' title='bbox 627 2775 763 2823; x_wconf 79' lang='lat' dir='ltr'><strong>nobis</strong></span> <span class='ocrx_word' id='word_1_316' title='bbox 793 2776 1062 2835; x_wconf 83' lang='lat' dir='ltr'><strong>praeripere</strong></span> <span class='ocrx_word' id='word_1_317' title='bbox 1094 2776 1149 2822; x_wconf 87' lang='lat' dir='ltr'><strong>P.</strong></span> <span class='ocrx_word' id='word_1_318' title='bbox 1175 2776 1369 2821; x_wconf 74' lang='lat' dir='ltr'><strong>Thomas</strong></span> <span class='ocrx_word' id='word_1_319' title='bbox 1398 2775 1415 2835; x_wconf 84' lang='grc' dir='ltr'><strong>ΙΙ</strong></span> <span class='ocrx_word' id='word_1_320' title='bbox 1444 2773 1505 2820; x_wconf 80' lang='lat'><strong>24</strong></span> <span class='ocrx_word' id='word_1_321' title='bbox 1534 2773 1696 2820; x_wconf 86' lang='lat' dir='ltr'><strong>multis</strong></span> <span class='ocrx_word' id='word_1_322' title='bbox 1728 2775 1768 2831; x_wconf 88' lang='lat' dir='ltr'><strong>(t</strong></span> <span class='ocrx_word' id='word_1_323' title='bbox 1797 2787 1854 2819; x_wconf 75' lang='lat' dir='ltr'><strong>ex</strong></span> 
     </span>
     <span class='ocr_line' id='line_1_38' title="bbox 142 2848 312 2891; baseline -0.006 -10"><span class='ocrx_word' id='word_1_324' title='bbox 142 2848 163 2891; x_wconf 81' lang='lat' dir='ltr'>J</span> <span class='ocrx_word' id='word_1_325' title='bbox 197 2849 312 2881; x_wconf 75' lang='lat' dir='ltr'><strong>corr.</strong></span> 
     </span>
    </p>
   </div>
   <div class='ocr_carea' id='block_1_4' title="bbox 240 2924 1493 2969">
    <p class='ocr_par' dir='ltr' id='par_1_4' title="bbox 240 2924 1493 2969">
     <span class='ocr_line' id='line_1_39' title="bbox 240 2924 1493 2969; baseline -0.002 -9"><span class='ocrx_word' id='word_1_326' title='bbox 240 2924 831 2963; x_wconf 57' lang='lat' dir='ltr'><strong>emarcuerunt-«Lu</strong></span> <span class='ocrx_word' id='word_1_327' title='bbox 841 2934 1001 2961; x_wconf 74' lang='lat' dir='ltr'><strong>eeeeee</strong></span> <span class='ocrx_word' id='word_1_328' title='bbox 1467 2927 1493 2969; x_wconf 77' lang='lat'><strong>7</strong></span> 
     </span>
    </p>
   </div>
  </div>
 </body>
</html>
