2034 3086
351 82 436 127 AD
466 78 751 126 MARCUM
780 79 863 124 DE
895 75 1356 124 CONSOLATIONE
1388 74 1517 120 CAP.
1542 79 1595 118 21
1715 77 1821 131 183

132 206 251 277 ipsa
291 202 539 274 pecunia,
589 220 750 272 quam
803 201 1076 255 adferebat
1113 198 1259 254 civili
1295 198 1438 252 bello
1483 195 1824 268 stipendium,

131 297 310 334 nonne
345 277 428 331 illi
463 277 599 331 bene
636 279 816 330 actum
846 274 1023 328 foret?
1079 274 1186 328 hoc
1215 276 1357 328 certe
1387 290 1568 327 secum
1597 269 1824 338 tulisset,

131 353 399 408 neminem
422 369 678 405 ausurum
702 368 881 405 coram
905 347 1106 402 Catone
1130 365 1371 419 peccare:
1393 364 1538 401 nunc
1561 350 1822 400 annorum

132 426 358 482 adiectio
388 426 834 496 paucissimorum
864 423 1041 476 virum
1070 422 1308 477 libertati
1328 439 1441 475 non
1462 439 1589 475 suae
1611 422 1823 474 tantum

80 520 100 553 ε
132 501 224 556 sed
253 500 501 570 publicae
529 504 717 554 natum
749 496 926 568 coegit
957 496 1234 551 Caesarem
1264 496 1474 567 fugere,
1506 494 1823 565 Pompeium

131 574 297 645 sequi.
356 574 495 629 nihil
531 593 660 647 ergo
698 572 779 626 illi
817 570 946 624 mali
982 571 1251 626 inmatura
1286 587 1431 624 mors
1470 570 1675 624 attulit:
1714 585 1824 622 om-

130 651 280 704 nium
318 650 480 704 etiam
517 650 782 703 malorum
818 645 1028 699 remisit
1063 645 1392 716 patientiam.

278 722 422 779 XXI.
483 723 685 778 ‘Nimis
719 725 902 775 tamen
931 720 1039 774 cito
1070 724 1213 791 perit
1241 723 1296 775 et
1324 718 1659 773 inmaturus?
1719 717 1825 788 pri·
1857 732 1880 771 1

131 817 280 853 mum
319 803 453 870 puta
488 798 572 852 illi
608 794 933 866 superfuisse
965 825 1036 834 ·—
1068 795 1370 866 conprende
1408 797 1670 865 quantum
1708 793 1826 862 plu-

58 891 101 926 ιο
128 874 327 928 rimum
396 871 682 945 procedere
748 869 957 923 homini
1014 870 1165 924 licet:
1232 873 1492 939 quantum
1553 867 1670 921 est?
1757 865 1825 920 ad

131 948 506 1003 brevissimum
554 950 766 1014 tempus
817 943 971 1012 editi,
1019 944 1127 998 cito
1177 944 1379 999 cessuri
1422 943 1543 996 loco
1589 941 1826 996 venienti

130 1022 188 1078 in
223 1027 442 1095 pactum
471 1021 576 1074 hoc
604 1018 960 1089 prospicimus
991 1018 1301 1088 hospitium.
1363 1017 1428 1071 de
1457 1016 1656 1070 nostris
1686 1019 1826 1070 aeta-

129 1098 276 1152 tibus
312 1098 529 1166 loquor,
577 1110 710 1163 quas
748 1093 1048 1147 incredibili
1087 1092 1357 1146 celeritate
1392 1110 1583 1147 aevom
1620 1089 1827 1145 volvit?

130 1176 366 1243 conputa
392 1168 608 1233 urbium
639 1168 871 1222 saecula:
901 1167 1107 1221 videbis
1140 1185 1301 1238 quam
1331 1185 1444 1221 non
1465 1166 1559 1220 diu
1581 1165 1827 1220 steterint

56 1263 99 1297 1⁸
131 1249 292 1301 etiam
331 1261 468 1314 quae
504 1245 772 1296 vetustate
801 1242 1116 1314 gloriantur.
1169 1242 1351 1296 omnia
1378 1241 1615 1295 humana
1644 1240 1828 1294 brevia

131 1324 187 1375 et
217 1319 416 1375 caduca
445 1319 573 1371 sunt
602 1319 658 1370 et
688 1316 887 1371 infiniti
916 1317 1174 1388 temporis
1204 1317 1410 1371 nullam
1440 1318 1649 1386 partem
1673 1332 1826 1369 occu·

129 1394 327 1464 pantia.
386 1395 585 1446 terram
621 1391 763 1446 hanc
800 1410 922 1446 cum
960 1392 1185 1446 urbibus
1214 1391 1538 1462 populisque
1569 1393 1624 1444 et
1652 1388 1827 1443 fiumi-
1856 1403 1883 1443 2

129 1468 288 1523 nibus
318 1469 375 1520 et
402 1465 611 1520 ambitu
639 1465 803 1519 maris
833 1467 1023 1537 puncti
1050 1467 1172 1520 loco
1201 1466 1454 1535 ponimus
1485 1464 1553 1517 ad
1578 1464 1828 1517 universa

127 1541 439 1597 referentes:
461 1541 725 1594 minorem
748 1542 1053 1611 portionem
1077 1543 1222 1594 aetas
1244 1542 1430 1593 nostra
1454 1556 1616 1608 quam
1638 1537 1828 1608 puncti

56 1634 100 1667 zo
129 1617 315 1686 habet,
359 1615 407 1669 si
452 1614 601 1669 omni
644 1616 879 1685 tempori
924 1617 1286 1685 comparetur,
1334 1612 1484 1668 cuius
1531 1611 1704 1666 maior
1746 1614 1829 1665 est

131 1709 380 1747 mensura
417 1707 579 1760 quam
617 1689 849 1759 mundi,
873 1693 1064 1761 utpote
1102 1706 1225 1743 cum
1262 1689 1355 1742 ille
1394 1705 1451 1742 se
1488 1686 1631 1741 intra
1666 1684 1826 1740 huius

131 1766 365 1838 spatium
409 1763 609 1818 totiens
653 1765 988 1819 remetiatur:
1037 1764 1166 1834 quid
1211 1781 1339 1836 ergo
1386 1763 1610 1817 interest
1645 1760 1702 1815 id
1740 1779 1828 1815 ex-

130 1841 370 1910 tendere,
398 1838 551 1894 cuius
582 1842 1076 1910 quantumcumque
1105 1838 1269 1893 fuerit
1297 1838 1687 1893 incrementum
1716 1854 1829 1890 non

131 1917 362 1971 multum
401 1912 572 1968 aberit
609 1930 642 1966 a
677 1912 888 1968 nihilo?
946 1932 1055 1968 uno
1095 1913 1256 1968 modo
1294 1913 1528 1967 multum
1566 1915 1649 1966 est
1684 1910 1828 1982 quod

58 2005 101 2039 ιι
132 1991 386 2059 vivimus,
429 1988 475 2042 si
513 1987 642 2041 satis
680 1991 775 2041 est.
855 1989 984 2043 licet
1021 1988 1155 2041 mihi
1191 1987 1402 2042 vivaces
1441 1990 1497 2041 et
1533 1987 1592 2040 in
1628 2003 1828 2040 memo·
1858 1998 1885 2038 a

130 2065 265 2120 riam
302 2062 527 2119 traditae
558 2062 846 2116 senectutis
879 2064 1021 2117 viros
1051 2062 1319 2131 nomines,
1357 2064 1608 2116 centenos
1641 2059 1827 2113 denos·

279 2181 311 2227 6
339 2180 411 2226 ini
434 2179 540 2226 AF
566 2178 687 2236 quod
715 2184 833 2224 reete
862 2180 1066 2235 defendit
1093 2178 1196 2224 Joh.
1222 2178 1399 2222 Mulier
1437 2177 1645 2234 (S.-Ber.
1679 2174 1824 2222 Wien.

133 2241 284 2286 Akad.
303 2244 420 2287 1889
474 2273 484 2284 .
502 2237 699 2294 moda)
728 2236 910 2284 Metilio
935 2239 1194 2285 Pincianus
1214 2235 1311 2281 filio
1334 2237 1529 2293 Lipsius
1556 2235 1561 2293 Ι
1587 2236 1828 2280 maturata

134 2313 258 2369 mor·
274 2300 412 2347 Geren
431 2253 500 2358 ᾖ
509 2311 573 2367 sq.
598 2297 746 2342 ῑοοιοηι
767 2299 1057 2356 interpunxit
1078 2302 1121 2343 et
1142 2296 1379 2342 enarravit
1395 2294 1532 2341 Gertz
1551 2300 1606 2364 pt.
1624 2296 1724 2341 crit.
1740 2299 1828 2341 118

134 2372 337 2415 prunum
369 2357 737 2417 <plunmum>
768 2360 888 2414 puta
922 2359 1163 2404 Klammer
1205 2369 1274 2413 pr.
1309 2356 1429 2411 puta
1463 2356 1724 2411 <vitam>
1755 2354 1828 2400 illi
1898 2405 1904 2418 ,

134 2418 188 2463 P.
220 2418 413 2465 ΤΙοοιιιω
447 2419 466 2477 u
501 2415 560 2462 12
588 2429 683 2462 non
711 2430 824 2475 nego
852 2418 963 2464 haec
990 2420 1060 2463 ita
1090 2415 1314 2473 explicari
1335 2427 1489 2471 posse,
1519 2420 1574 2460 ut
1602 2414 1829 2461 Schultess

133 2477 566 2584 interpretat-agerat
611 2475 738 2580 Phi}
760 2477 1075 2593 {iamiqu-AX·
1085 2473 1528 2580 ΥΙὲωἴωὲθΞᾶαὲῖιέ
1569 2475 1712 2544 miror
1752 2474 1826 2520 ob-

133 2542 396 2583 mmm
501 2537 657 2583 bonus
796 2538 953 2581 actum
1055 2550 1105 2581 in
1583 2549 1634 2579 in
1669 2535 1826 2579 act-um

138 2595 273 2641 Gertz
303 2596 354 2641 in
382 2598 588 2654 partem,
616 2596 805 2640 tantum
829 2597 885 2643 P.
907 2550 1181 2643 Thomaspin
1210 2593 1502 2651 impacatum
1520 2548 1699 2652 5{wellin
1726 2605 1826 2637 arc-

135 2657 254 2713 tum)
296 2654 385 2701 hoc
422 2654 674 2714 proicimur
702 2653 749 2701 h.
783 2655 1024 2715 Niemeyer
1052 2656 1068 2713 ΙΙ
1106 2652 1164 2699 18
1201 2651 1443 2699 celeritate
1484 2667 1644 2700 aevom
1682 2650 1827 2696 volvit

137 2714 402 2773 Peuehem'q
431 2714 673 2761 eeleritate
703 2715 945 2760 conuoluit
967 2717 1012 2761 A
1044 2712 1284 2759 celeritate
1315 2713 1534 2759 conuolui
1566 2711 1750 2757 constat
1779 2711 1833 2756 F

136 2773 220 2820 cel.
247 2776 433 2820 constat
461 2774 582 2821 volvi
612 2773 748 2820 Gom
776 2775 795 2834 ΙΙ
823 2773 883 2820 2⁰
912 2773 1191 2831 temporeA
1220 2770 1323 2843 1121
1355 2771 1499 2819 inin
1529 2770 1824 2817 illaFcorr.

134 2834 249 2892 νοις.
273 2833 384 2938 iis„
414 2834 515 2879 inid
547 2833 795 2880 extendere
818 2836 864 2880 Δ
896 2834 1035 2879 latere
1060 2845 1192 2890 poue
1221 2829 1342 2877 illud
1366 2834 1456 2879 ext.
1480 2835 1630 2878 monet
1652 2829 1827 2890 Ger-tau

135 2891 196 2937 25
225 2907 271 2937 m
324 2894 341 2939 i
372 2893 554 2940 vivaces
578 2892 799 2952 Ruhkopf
828 2892 972 2938 michi
1002 2904 1143 2937 uacet
1165 2891 1213 2938 A
1239 2890 1259 2951 ΙΙ
1286 2890 1348 2938 28
1377 2890 1576 2938 nominis
1601 2890 1646 2936 A
