2034 3086
169 65 274 118 126
502 63 551 109 L.
577 62 814 107 ANNAEI
846 61 1120 108 SENECAE
1151 63 1310 110 DIAL.
1335 65 1445 110 LIB.
1471 65 1528 110 V.

165 185 410 254 tinentia,
443 185 628 239 utilior
659 188 739 239 est
770 186 1008 256 regibus:
1046 178 1320 255 perierunt
1351 188 1552 258 omnia,
1583 188 1678 242 ubi
1702 206 1866 258 quan-

164 263 279 313 tum
321 261 400 313 ira
439 259 626 314 suadet
663 260 880 313 fortuna
917 260 1202 330 permittit,
1246 279 1346 315 nec
1384 262 1476 316 diu
1512 266 1691 332 potest
1729 282 1865 334 quae

165 335 460 388 multorum
515 335 657 388 malo
714 338 988 388 exercetur
1032 336 1275 405 potentia
1325 339 1486 407 stare3
1531 339 1865 408 periclitatur

165 409 331 478 enim,
368 411 461 462 ubi
493 428 608 478 eos,
639 410 732 479 qui
765 411 1049 480 separatim
1083 413 1326 482 gemunt,
1359 414 1658 467 communis
1691 417 1864 468 metus

166 485 351 537 iunxit.
451 485 736 554 plerosque
795 485 975 553 itaque
1018 485 1179 538 modo
1231 485 1432 556 singuli
1481 487 1865 557 mactaverunt,

164 559 324 612 modo
364 559 621 627 universi,
677 577 799 612 cum
850 560 973 614 illos
1020 560 1262 614 conferre
1308 561 1365 613 in
1410 580 1576 615 unum
1624 563 1730 617 iras
1768 581 1864 633 pu-

163 634 335 686 blicus
384 633 538 687 dolor
584 634 861 705 coegisset.
940 635 1091 704 atqui
1136 634 1378 705 plerique
1421 637 1498 690 sic
1537 637 1672 690 iram
1711 639 1862 706 quasi

164 709 373 779 insigne
411 709 620 780 regium
661 713 1031 776 exercuerunt,
1071 710 1211 764 sicut
1249 709 1476 780 Dareus,
1527 712 1620 780 qui
1657 711 1862 782 primus

162 786 285 853 post
317 783 555 836 ablatum
580 801 738 855 mago
766 784 1052 853 imperium
1078 783 1266 839 Persas
1298 787 1352 838 et
1374 803 1626 856 magnam
1656 790 1863 856 partem

164 858 383 912 orientis
425 859 671 912 obtinuit.
749 877 875 912 nam
915 877 1038 913 cum
1079 860 1281 913 bellum
1322 857 1537 930 Scythis
1585 861 1865 915 indixisset

164 933 422 986 orientem
462 934 801 1004 cingentibus
815 975 831 1003 ,
868 937 1088 1006 rogatus
1130 935 1194 988 ab
1232 933 1477 988 Oeobazo
1516 937 1685 989 nobili
1726 955 1863 1005 sene,

161 1011 222 1061 ut
254 1027 318 1062 ex
349 1009 520 1063 tribus
552 1008 734 1063 liberis
767 1027 934 1062 unum
968 1010 1024 1062 in
1063 1011 1322 1064 solacium
1354 1012 1494 1080 patri
1524 1010 1864 1080 relinqueret,

161 1083 389 1136 duorum
438 1102 600 1153 opera
638 1087 900 1154 uteretur,
944 1085 1067 1154 plus
1115 1103 1276 1155 quam
1322 1086 1612 1157 rogabatur
1656 1086 1864 1156 pollici·

160 1161 247 1212 tus
300 1159 474 1212 omnis
523 1178 578 1213 se
625 1159 706 1212 illi
754 1159 890 1212 dixit
919 1161 1268 1214 remissurum
1308 1163 1361 1213 et
1400 1162 1605 1216 occisos
1645 1162 1702 1214 in
1741 1179 1866 1215 con—

161 1236 347 1302 spectu
386 1234 622 1303 parentis
663 1234 878 1302 abiecit,
924 1235 1154 1289 crudelis
1193 1235 1430 1304 futurus,
1477 1237 1522 1289 si
1562 1236 1735 1290 omnis
1776 1236 1864 1289 ab·

160 1308 410 1362 duxisset.
474 1312 529 1361 at
580 1312 781 1377 quanto
820 1308 1013 1363 Xerses
1052 1310 1284 1364 facilior!
1350 1311 1444 1380 qui
1475 1309 1671 1380 Pythio
1713 1311 1863 1380 quin·

161 1400 263 1452 que
302 1383 538 1436 filiorum
572 1385 714 1453 patri
744 1385 902 1438 unius
935 1386 1269 1438 vacationem
1300 1386 1528 1454 petenti,
1567 1403 1725 1454 quem
1757 1386 1863 1438 vel·

158 1458 234 1510 let
288 1458 483 1528 eligere
532 1459 800 1528 permisit,
854 1459 1043 1513 deinde
1098 1478 1256 1529 quem
1304 1461 1536 1531 elegerat
1582 1460 1639 1513 in
1684 1463 1862 1530 partes

159 1532 290 1586 duas
337 1533 652 1586 distractum
704 1534 769 1587 ab
823 1537 1053 1604 utroque
1092 1535 1209 1588 viae
1246 1535 1411 1588 latere
1450 1535 1634 1604 posuit
1671 1538 1724 1588 et
1762 1535 1862 1589 hac

157 1608 378 1661 victima
425 1608 676 1662 lustravit
727 1610 1031 1662 exercitum.
1116 1610 1305 1663 habuit
1350 1611 1531 1679 itaque
1578 1628 1736 1679 quem
1776 1610 1861 1663 de-

159 1683 276 1735 buit
314 1683 541 1736 exitum:
580 1684 754 1737 victus
795 1687 848 1736 et
885 1685 992 1737 late
1042 1685 1309 1755 longeque
1348 1685 1498 1739 fusus
1539 1703 1601 1739 ac
1640 1687 1860 1739 stratam

158 1758 356 1826 ubique
395 1759 606 1810 ruinam
647 1776 798 1811 suam
845 1777 1064 1812 cernens
1104 1760 1310 1814 medius
1343 1761 1481 1812 inter
1520 1778 1739 1813 suorum
1778 1778 1861 1813 ca-

159 1832 352 1885 davera
390 1833 620 1887 incessit.

307 1920 477 1975 XVII.
539 1921 687 1976 Haec
736 1923 975 1977 barbaris
1026 1924 1240 1995 regibus
1290 1924 1472 1978 feritas
1524 1925 1580 1977 in
1626 1925 1705 1977 ira
1742 1924 1860 1992 fuit,

160 2014 294 2065 quos
333 1997 484 2050 nulla
522 1997 774 2066 eruditio,
817 1999 998 2051 nullus
1037 1999 1338 2052 litterarum
1378 1999 1555 2053 cultus
1594 1999 1858 2052 inbuerat:
1891 2016 1911 2049 2

159 2070 295 2124 dabo
344 2072 443 2124 tibi
498 2090 564 2124 ex
602 2071 910 2127 Aristotelis
958 2074 1079 2127 sinu
1116 2092 1296 2144 regem
1336 2072 1724 2143 Alexandrum,
1765 2074 1858 2142 qui

307 2232 333 2276 1
378 2234 697 2289 quamtumira
738 2241 793 2280 ut
831 2235 922 2280 vid.
960 2235 1043 2291 ΑΙ,
1081 2249 1193 2281 corr.
1227 2236 1298 2282 A⁵
1336 2236 1424 2340 1115
1461 2236 1790 2281 mactauerunt
1813 2236 1858 2280 A

157 2294 201 2348 (c
232 2305 344 2337 corr.
375 2307 433 2337 ex
462 2296 541 2350 g?)
571 2293 589 2353 ΙΙ
619 2294 675 2338 11
709 2293 769 2338 ab
799 2294 1012 2340 Oeobazo
1037 2296 1230 2352 Lipsius
1257 2310 1313 2341 ex
1389 2297 1556 2342 erodot.
1587 2297 1671 2341 IV
1684 2299 1745 2341 84
1776 2294 1858 2339 ab·

159 2350 357 2396 orobazo
393 2353 465 2408 A;
507 2359 699 2398 ceterum
735 2356 889 2411 ipsum
924 2355 1139 2401 Senecam
1178 2369 1331 2400 errare
1364 2357 1566 2412 potuisse
1595 2357 1648 2400 in
1677 2356 1859 2400 nomine

156 2416 274 2457 reete
304 2413 498 2457 adnotat
528 2413 666 2458 Gertz
698 2413 715 2473 ΙΙ
752 2413 811 2458 16
840 2413 1007 2459 Xerses
1032 2417 1099 2470 A,
1131 2429 1247 2472 quae
1276 2415 1429 2470 forma
1458 2417 1658 2461 nominis
1680 2416 1859 2472 passim

157 2472 294 2516 etiam
336 2487 410 2529 ap.
447 2472 664 2518 Senecam
701 2479 880 2530 patrem
923 2475 1101 2520 obviam
1143 2480 1209 2520 est
1214 2492 1233 2530 ;
1273 2476 1356 2531 cfr.
1391 2489 1440 2532 p.
1474 2478 1576 2529 532,
1598 2477 1627 2520 3
1638 2491 1656 2530 ;
1693 2478 1783 2519 536
1793 2489 1856 2531 sq.

158 2531 337 2576 Maller
376 2532 393 2590 Η
435 2532 493 2577 19
531 2532 604 2577 uit
633 2533 781 2578 latere
818 2539 872 2579 ut
907 2534 998 2579 vid.
1032 2534 1116 2590 ΑΙ,
1149 2535 1228 2579 sed
1257 2536 1394 2592 prior
1422 2536 1445 2579 t
1466 2536 1656 2592 punctis
1685 2534 1859 2580 additis

158 2591 305 2636 deleta
342 2597 406 2636 est
413 2609 430 2646 ‚·
472 2592 571 2638 uite
629 2595 758 2639 atere
789 2594 859 2638 A⁵
895 2594 969 2638 vie
999 2595 1052 2639 in
1081 2608 1225 2652 mary.
1254 2594 1326 2640 ,Α6
1361 2594 1377 2654 ΙΙ
1414 2594 1474 2639 26
1505 2593 1718 2639 aristote}
1752 2594 1858 2638 sinu

158 2664 316 2707 regem
340 2652 427 2706 Αἱ·
458 2666 516 2697 ex
537 2652 607 2697 Α1
635 2654 790 2710 script.
815 2653 1067 2711 pellacem:
1098 2653 1353 2699 aristotelis
1379 2691 1388 2699 .
1415 2690 1425 2699 .
1452 2690 1462 2699 .
1486 2667 1644 2712 regem
1687 2654 1692 2713 Ι
1737 2655 1858 2699 inter

160 2709 465 2755 alexandrum
508 2717 550 2757 et
591 2713 674 2768 qui
709 2713 779 2758 A¹
814 2714 924 2758 haee
960 2715 1094 2759 habet
1130 2715 1183 2759 in
1220 2719 1370 2760 teoetu:
1407 2716 1520 2759 nota
1551 2713 1857 2759 alexandrum

159 2770 361 2814 amicum
394 2786 529 2815 suum
561 2771 725 2816 clitum
756 2773 1094 2831 interevputas
1125 2774 1307 2832 (epulas
1338 2788 1452 2820 corr.
1476 2789 1534 2819 m.
1559 2776 1605 2831 5)
1631 2773 1856 2818 occidisse

158 2830 239 2885 qui
271 2832 318 2874 et
350 2831 697 2888 condiscipulus
728 2832 802 2877 1111
831 2832 944 2888 fuit3
983 2834 1067 2879 del.
1095 2835 1215 2879 hanc
1243 2840 1399 2880 notam
1429 2834 1729 2892 maryinalem
1758 2834 1854 2879 eod.

158 2891 391 2949 archetypi
422 2891 515 2946 A²,·
545 2893 596 2937 in
627 2893 672 2938 L
702 2906 797 2938 ‘non
828 2893 994 2951 leyitur

1918 507 1937 539 5

1895 881 1938 913 10

1895 1253 1936 1287 15

1893 1629 1936 1660 20

2031 2414 2034 2427 -
2027 2351 2034 2404 .,.--
2026 2000 2034 2341 α-...οο-ιςι-ς-.-.-,-,-
2032 1984 2034 1987 .
2028 1940 2034 1971 ..-
2029 1906 2034 1930 2-.
2030 1878 2034 1894 -
2028 1855 2034 1866 *-
