2034 3086
159 51 265 105 172
445 13 469 17 ‘l
489 50 538 95 L.
563 48 800 94 ANNAEI
821 39 1103 93 'SENECAE
1134 47 1291 92 DIAL.
1316 48 1530 98 L113.vl.

155 173 298 224 tutes
352 171 567 225 illarum
622 170 679 223 in
732 172 908 224 artum
967 168 1289 223 retraxisse?
1378 189 1476 241 par
1534 170 1666 240 illis,
1719 172 1853 225 mihi

157 245 330 314 crede,
392 245 570 317 vigor,
629 262 728 314 par
787 245 855 298 ad
914 245 1164 313 honesta,
1222 244 1410 313 libeat,
1469 245 1696 299 facultas
1751 249 1853 314 est3

157 319 394 373 dolorem
425 319 772 387 laboremque
804 337 870 372 ex
901 335 1095 387 aequo,
1126 318 1171 371 si
1195 335 1538 388 consuevere,
1560 319 1852 389 patiuntur.

97 405 122 446 2
154 393 212 446 in
251 411 358 463 qua
393 392 540 446 istud
576 393 728 462 urbe,
768 392 824 445 di
861 392 1015 461 boni,
1050 391 1359 461 loquimur?
1432 392 1490 445 in
1529 412 1634 462 qua
1670 412 1852 465 regem

154 465 413 520 Romanis
445 466 711 536 capitibus
734 465 986 520 Lucretia
1009 469 1062 519 et
1083 465 1284 520 Brutus
1318 466 1644 520 deiecerunt:
1680 467 1850 522 Bruto

152 541 458 595 libertatem
484 541 763 610 debemus,
785 539 1065 594 Lucretiae
1088 539 1342 610 Brutum3
1379 541 1437 594 in
1465 558 1572 610 qua
1596 539 1850 595 Cloeliam

155 617 465 684 contempto
512 617 567 669 et
610 615 767 668 hoste
809 617 865 668 et
902 614 1124 667 flumine
1163 613 1233 667 ob
1271 614 1538 686 insignem
1577 614 1851 669 audaciam

153 691 366 742 tantum
403 706 516 742 non
551 689 611 742 in
645 688 790 742 viros
829 687 1284 758 transcripsimus:
1338 689 1572 759 equestri
1618 688 1851 743 insidens

155 764 363 817 statuae
400 763 459 816 in
496 780 647 817 sacra
683 762 811 832 via,
839 762 1184 817 celeberrimo
1233 763 1378 832 loc0,
1427 761 1629 817 Cloelia
1666 782 1852 834 expro-

154 837 276 891 brat
328 837 610 892 iuvenibus
660 836 859 891 nostris
909 837 1192 908 pulvinum
1243 837 1648 892 escendentibus
1695 838 1753 892 in
1791 856 1853 892 ea

154 912 276 966 illos
329 912 462 966 urbe
517 912 595 966 sic
647 911 879 984 ingredi,
931 912 989 965 in
1042 930 1149 982 qua
1201 911 1364 965 etiam
1425 912 1650 966 feminas
1713 931 1851 982 equo

95 1000 121 1039 3
155 986 486 1040 donavimus.
563 987 707 1056 quod
757 986 804 1040 si
851 986 954 1039 tibi
998 986 1080 1039 vis
1127 987 1373 1056 exempla
1409 986 1595 1040 referri
1631 987 1852 1041 femina-

151 1079 297 1130 rum,
350 1079 486 1131 quae
540 1079 665 1114 suos
718 1060 932 1114 fortiter
980 1060 1418 1129 desideraverint,
1466 1079 1578 1114 non
1615 1061 1850 1115 ostiatim

154 1153 426 1205 quaeram3
488 1154 555 1188 ex
606 1153 715 1188 una
766 1134 869 1188 tibi
921 1135 1125 1188 familia
1179 1135 1309 1188 duas
1365 1133 1636 1188 Cornelias
1692 1135 1850 1189 dabo:

151 1209 380 1278 primam
432 1208 700 1280 Scipionis
750 1208 944 1278 filiam,
994 1207 1356 1263 Gracchorum
1407 1212 1646 1262 matrem.
1725 1210 1850 1264 duo-

153 1284 325 1338 decim
370 1283 465 1337 illa
509 1287 695 1354 partus
734 1282 962 1337 totidem
999 1283 1277 1345 funeribus
1315 1283 1652 1355 recognovit3
1695 1287 1748 1337 et
1786 1284 1850 1338 de

152 1358 341 1411 ceteris
387 1358 544 1412 facile
591 1361 696 1427 est,
734 1374 869 1427 quos
907 1375 1007 1411 nec
1045 1358 1216 1411 editos
1262 1376 1361 1412 nec
1400 1358 1623 1412 amissos
1663 1357 1850 1411 civitas

153 1431 338 1485 sensit:
408 1431 683 1485 Tiberium
740 1431 1064 1501 Gaiumque,
1125 1449 1260 1501 quos
1315 1431 1476 1485 etiam
1532 1432 1625 1501 qui
1678 1432 1849 1485 bonos

150 1506 294 1559 viros
348 1506 624 1577 negaverit
673 1523 898 1577 magnos
948 1505 1227 1575 fatebitur,
1279 1509 1334 1560 et
1382 1506 1586 1560 occisos
1625 1506 1760 1559 vidit
1798 1511 1851 1559 et

150 1580 463 1650 insepultos.
541 1580 967 1634 consolantibus·
996 1583 1178 1634 tamen
1231 1580 1586 1650 miseramque
1633 1580 1848 1635 dicenti-

150 1654 274 1708 bus:
327 1654 674 1724 ‘numquam'
711 1655 891 1724 inquit
930 1654 1065 1708 ‘non
1101 1655 1314 1708 felicem
1352 1673 1438 1708 me
1478 1655 1676 1725 dicam,
1714 1673 1849 1724 quae

92 1741 119 1780 4
152 1726 420 1783 Gracchos
481 1728 699 1800 peperi.’
798 1728 1044 1783 Cornelia
1095 1728 1218 1782 Livi
1267 1728 1433 1783 Drusi
1496 1729 1848 1784 clarissimum

150 1803 399 1857 iuvenem
459 1803 702 1857 inlustris
763 1803 988 1875 ingenii,
1048 1803 1330 1858 vadentem
1392 1822 1489 1873 per
1542 1801 1849 1858 Gracchana

150 1878 379 1950 vestigia
414 1877 723 1948 inperfectis
754 1881 839 1932 tot
866 1877 1238 1950 rogationibus
1268 1878 1411 1932 intra
1439 1881 1657 1948 penates
1688 1879 1848 1932 inter-

152 1955 392 2022 emptum
431 1970 580 2023 suos,
619 1953 869 2006 amiserat
906 1953 1111 2007 incerto
1151 1952 1326 2008 caedis
1365 1955 1595 2007 auctore.
1667 1955 1847 2007 tamen

150 2098 232 2129 sec.
258 2098 314 2129 m.
347 2084 557 2130 mulieris
588 2085 696 2130 AF
729 2083 1036 2130 muliebribus
1071 2085 1186 2143 voly.
1227 2085 1304 2130 ‘ex
1333 2090 1413 2130 vet.
1441 2084 1535 2130 lect.
1561 2084 1803 2129 Pinciani’
1831 2084 1848 2143 Η

150 2142 180 2187 2
224 2142 375 2188 libeat
411 2145 480 2199 A,
526 2144 647 2201 quod
683 2146 751 2189 sic
787 2145 909 2189 uude
946 2145 1152 2201 positum
1187 2144 1304 2198 ferri
1339 2157 1434 2189 uon
1470 2157 1606 2200 posse
1642 2149 1846 2201 apparet,

150 2216 232 2248 nec
277 2203 318 2247 si
358 2202 530 2259 libeat,
571 2202 721 2247 libeat
761 2203 923 2259 modo,
965 2203 1114 2248 libeat
1154 2204 1340 2247 tantum
1382 2203 1556 2259 (Gertz)
1602 2203 1846 2248 admodum

145 2262 298 2318 placet
328 2261 478 2306 libera
502 2273 530 2307 ς
559 2261 755 2307 libertas
781 2264 828 2307 et
850 2262 881 2306 f.
906 2262 1145 2308 Schultess.
1171 2277 1236 2307 au
1265 2261 1482 2317 libertas,
1505 2261 1627 2306 fac?
1657 2262 1661 2320 Ι
1701 2261 1730 2306 3
1753 2262 1794 2306 si
1818 2272 1846 2305 ς

151 2334 200 2365 se
222 2322 269 2367 A
303 2320 309 2380 Ι
337 2321 367 2365 6
389 2322 440 2365 in
463 2335 557 2378 qua
581 2321 806 2366 Cloeliam
822 2323 874 2368 F
889 2322 1003 2380 volq.
1028 2322 1079 2365 in
1103 2335 1195 2378 quo
1219 2321 1417 2366 coeliam
1433 2322 1482 2366 A
1501 2321 1518 2380 ΙΙ
1541 2321 1566 2366 7
1591 2323 1639 2366 et
1694 2322 1794 2365 oste
1818 2331 1846 2364 ς

149 2380 284 2425 inhos
309 2394 335 2424 e
357 2382 405 2426 A
435 2381 571 2426 hoste
595 2382 647 2426 F
669 2382 783 2439 voly.
815 2381 832 2441 Η
868 2380 898 2426 8
928 2381 1136 2425 insidens
1168 2386 1252 2426 aut
1280 2381 1520 2426 delendum
1551 2386 1635 2426 aut
1662 2385 1846 2426 mutan-

150 2440 260 2484 dum
301 2454 393 2486 esse
433 2442 487 2485 in
527 2441 726 2498 insignis
769 2442 943 2486 censuit
984 2441 1033 2486 0.
1058 2441 1187 2486 Jahn
1228 2454 1347 2496 equo
1385 2440 1595 2496 vestique
1635 2439 1844 2484 insidens

151 2499 390 2556 stragulae
414 2500 599 2545 licenter
615 2501 717 2545 Joh.
733 2501 933 2555 Mu'llem
954 2501 1114 2544 malim
1136 2514 1238 2544 cum
1257 2499 1440 2544 Gertzio
1460 2505 1630 2555 putare
1652 2498 1846 2544 Senecae

149 2558 428 2661 siffis&
456 2559 684 2662 ἓξήῖἔίἷὲἳ
701 2560 812 2677 ’ὲῗῆΐ
830 2559 1246 2672 fir't‘t’oiussimffi
1259 2559 1416 2661 ²33⁰&
1437 2557 1845 2671 {zz’sfflffffiifl

149 2677 196 2721 A
237 2675 255 2736 ΙΙ
295 2676 351 2721 17
390 2632 545 2722 facil?
573 2678 645 2722 est
678 2679 725 2723 A
767 2677 869 2734 (cfr.
904 2677 1216 2723 Friedlduder
1253 2677 1316 2721 ad
1346 2677 1559 2722 Martial.
1584 2677 1617 2721 1
1645 2679 1716 2731 18,
1734 2678 1763 2720 5
1801 2680 1842 2720 et

150 2735 375 2781 Schultess
409 2737 576 2782 Philol.
601 2738 720 2782 Aue.
745 2737 905 2782 XVII
932 2751 982 2794 p.
1013 2738 1121 2794 297)
1160 2735 1301 2780 facile
1331 2737 1434 2781 erat
1465 2735 1598 2781 Koch
1635 2734 1641 2794 Ι
1679 2733 1840 2794 neelle-

150 2794 428 2856 ditosslnecls
445 2796 515 2841 A⁶
543 2795 560 2855 Η
589 2795 648 2841 18
679 2795 918 2842 Tiberium
947 2795 1210 2853 Gaiumque
1241 2795 1466 2841 Schultess
1497 2794 1563 2840 11¹.
1587 2794 1839 2852 gracchum

149 2856 195 2899 A
227 2855 414 2912 (lineola
443 2870 586 2914 supra
617 2855 655 2899 Τ
679 2861 841 2914 postea
872 2857 1020 2914 erasa)
1051 2855 1068 2915 ΙΙ
1096 2855 1156 2901 22
1185 2855 1307 2899 Livii
1337 2855 1530 2912 Lipsius
1560 2854 1661 2898 diui
1683 2855 1729 2899 A

1885 856 1927 888 10

1883 1226 1924 1260 15

1880 1603 1925 1636 20

1877 1973 1920 2008 25
