2034 3086
567 23 649 69 DE
680 23 788 69 IRA
818 23 930 70 LIB.
954 22 1033 70 HL
1088 23 1217 70 GAP.
1243 29 1313 70 29.
1341 29 1398 70 30
1738 29 1843 84 139

137 147 545 216 concitaverint,
584 165 1008 216 perseveramus,
1044 165 1114 200 ne
1151 148 1428 201 videamur
1459 149 1699 218 coepisse
1731 150 1845 204 sine

137 241 319 292 causa,
373 226 449 292 et,
503 221 648 306 quod
699 222 1114 291 iniquissumum
1165 226 1267 292 est,
1317 224 1699 292 pertinaciores
1745 243 1845 277 nos

136 298 268 352 facit
304 296 561 367 imquitas
601 297 734 366 irae3
778 297 1068 350 retinemus
1109 298 1253 350 enim
1291 298 1442 351 illam
1481 301 1534 351 et
1572 315 1845 383 augemus,

136 372 291 442 quasi
341 373 716 443 argumentum
767 372 838 425 sit
882 371 1020 424 iuste
1066 371 1344 426 irascentis
1393 374 1626 444 graviter
1672 373 1845 427 irasci

85 478 106 511 s
285 459 453 515 XXX.
517 458 732 524 Quanto
786 460 977 514 melius
1032 463 1115 515 est
1167 461 1323 514 initia
1377 462 1495 532 ipsa
1545 462 1846 532 perspicere

138 554 299 607 quam
347 535 488 589 levia
538 535 668 604 sint,
716 553 877 605 quam
916 535 1158 589 innoxia!
1236 536 1381 605 quod
1420 538 1658 591 accidere
1696 537 1845 591 vides

136 610 457 664 animalibus
499 610 688 679 mutis,
734 609 875 663 idem
914 610 973 663 in
1009 608 1229 663 homine
1268 610 1584 680 deprendes:
1635 612 1845 666 frivolis

135 685 415 738 turbamur
467 687 522 738 et
574 684 838 739 inam'bus.
914 687 1130 738 taurum
1180 685 1331 739 color
1380 686 1709 741 rubicundus
1762 706 1848 740 ex·

136 761 288 829 citat,
326 758 393 813 ad
425 757 671 813 umbram
702 760 848 829 aspis
880 760 1114 831 exurgit,
1146 778 1300 815 ursos
1331 759 1619 831 leonesque
1651 780 1849 832 mappa
1925 786 1941 807 ο

63 851 107 885 ιο
136 836 386 906 proritat:
425 835 627 904 omnia,
667 853 804 904 quae
842 837 1034 888 natura
1072 834 1187 888 fera
1224 853 1287 890 ac
1320 835 1506 890 rabida
1538 840 1684 906 sunt,
1725 855 1848 891 con-

136 912 443 964 sternantur
480 909 548 963 ad
586 927 739 963 vana.
801 909 942 964 idem
981 910 1236 980 inquietis
1276 914 1330 964 et
1368 911 1578 966 stolidis
1615 912 1846 983 ingeniis

135 986 334 1039 evenit:
387 1003 565 1039 rerum
621 984 927 1055 suspicione
975 985 1263 1054 feriuntur,
1314 986 1446 1040 adeo
1499 986 1736 1056 quidem,
1787 991 1847 1040 ut

137 1059 404 1114 interdum
456 1060 678 1113 iniurias
729 1063 926 1114 vocent
971 1060 1183 1114 modica
1227 1059 1509 1132 beneficia,
1556 1062 1613 1115 ιιι
1653 1062 1847 1132 quibus

136 1135 590 1220 frequentissima,
621 1138 764 1189 certe
796 1136 1139 1190 acerbissima
1170 1135 1476 1190 iracundiae
1507 1137 1730 1190 materia
1754 1140 1848 1190 est

63 1223 105 1256 1⁵
136 1210 443 1264 carissumis
496 1210 640 1263 enim
694 1209 998 1280 irascimur,
1054 1210 1198 1295 quod
1243 1211 1456 1265 minora
1499 1210 1656 1265 nobis
1699 1230 1849 1281 prae·

136 1284 372 1338 stiterint
409 1302 572 1355 quam
611 1287 789 1339 mente
828 1286 1230 1355 conceperimus
1271 1303 1539 1356 quamque
1578 1285 1670 1339 alii
1716 1285 1849 1340 tule-

136 1360 267 1428 rint,
305 1377 428 1414 cum
467 1360 747 1430 utriusque
786 1360 864 1414 rei
903 1363 1150 1430 paratum
1188 1360 1483 1414 remedium
1523 1362 1605 1415 sit.
1676 1361 1848 1432 magis

137 1434 291 1487 alteri
331 1434 577 1488 indulsit:
614 1438 801 1488 nostra
839 1453 939 1489 nos
980 1436 1093 1489 sine
1129 1436 1531 1505 comparatione
1563 1435 1850 1505 delectent3

137 1526 431 1578 numquam
482 1509 583 1562 erit
632 1509 784 1579 felix,
836 1528 996 1579 quem
1045 1509 1320 1579 torquebit
1370 1510 1594 1565 felicior.
1670 1511 1849 1564 minus

62 1596 107 1630 ὀ
138 1582 309 1636 habeo
361 1602 524 1654 quam
575 1585 808 1654 speravi:
843 1583 955 1638 sed
1001 1584 1228 1638 fortasse
1272 1585 1396 1654 plus
1437 1586 1649 1656 speravi
1688 1601 1850 1656 quam

138 1657 310 1712 debui.
403 1658 536 1713 haec
589 1677 714 1730 pars
768 1660 999 1713 maxime
1054 1659 1338 1714 metuenda
1392 1663 1495 1731 est,
1552 1661 1681 1715 hinc
1734 1679 1851 1731 per-

137 1733 525 1787 niciosissimae
579 1734 690 1788 irae
742 1738 1038 1788 nascuntur
1098 1737 1153 1788 et
1213 1735 1551 1790 sanctissima
1608 1753 1850 1806 quaeque

139 1808 431 1862 invasurae.
533 1808 717 1863 divum
778 1807 978 1863 Iulium
1040 1810 1220 1879 plures
1282 1811 1443 1865 amici
1505 1810 1851 1866 confecerunt

141 1901 301 1953 quam
333 1883 560 1952 inimici,
594 1901 824 1954 quorum
855 1902 967 1938 non
997 1884 1304 1955 expleverat
1335 1904 1456 1956 spes
1485 1885 1848 1956 inexplebiles.

64 1969 109 2004 ’ὁ
142 1958 314 2012 voluit
352 1957 567 2029 quidem
607 1958 699 2013 ille
741 1990 814 1998 —
852 1977 1026 2030 neque
1066 1960 1208 2014 enim
1248 1960 1536 2031 quisquam
1574 1959 1878 2020 liberalius,

142 2033 368 2087 victoria
420 2052 548 2087 usus
603 2037 708 2103 est,
761 2053 827 2088 ex
882 2052 988 2105 qua
1039 2034 1179 2088 nihil
1232 2035 1336 2090 sibi
1390 2035 1685 2090 vindicavit
1744 2036 1852 2090 nisi

141 2106 485 2178 dispensandi
524 2112 844 2178 potestatem
877 2141 966 2179 —,
997 2108 1088 2163 sed
1121 2110 1572 2180 quemadmodum
1604 2110 1851 2166 sufficere

141 2184 252 2235 tam
308 2183 566 2253 improbis
622 2183 898 2238 desideriis
953 2187 1158 2255 posset,
1221 2202 1345 2240 cum
1399 2189 1610 2240 tantum
1666 2204 1850 2240 omnes

141 2258 603 2327 concupiscerent,
655 2262 917 2328 quantum
967 2277 1105 2313 unus
1157 2260 1407 2329 poterat?
1483 2260 1620 2314 vidit
1668 2260 1850 2331 itaque

66 2342 111 2377 ω
141 2331 341 2387 strictis
392 2333 534 2387 circa
583 2332 767 2387 sellam
819 2351 970 2387 suam
1021 2332 1214 2405 gladiis
1266 2334 1660 2390 commilitones
1708 2351 1849 2403 suos,

143 2566 187 2595 m
256 2491 339 2607 ΔΞ.
349 2493 526 2598 ιιιιεὲιιιι
558 2508 691 2539 sumu
698 2495 793 2600 “2²
823 2501 875 2541 ut
905 2495 1356 2600 vidi-“iniquissima
1387 2497 1457 2543 A⁶
1491 2497 1509 2557 Η
1541 2496 1657 2601 12ss
1649 2509 1851 2602 carissuL

143 2553 444 2669 eoidcepi’nfus
478 2568 525 2658 .u.
542 2554 1568 2673 inthgrintogffcglnoepffiffieperimtgfeffint
1601 2556 1852 2675 Maga!
1835 2616 1852 2675 l!

145 2670 203 2716 18
227 2670 365 2717 alteri
382 2672 452 2717 A¹
475 2671 510 2731 (l
533 2686 648 2719 corr.
666 2688 722 2720 ex
746 2674 915 2733 ἀ)11122
939 2675 1272 2745 sanctissimas]
1283 2677 1416 2733 (eras.
1434 2678 1499 2746 m)
1517 2677 1562 2722 A
1577 2676 1594 2735 ΙΙ
1616 2674 1677 2720 23
1693 2674 1850 2732 plures

146 2731 286 2776 amici
314 2732 617 2779 confecerunt
640 2734 709 2780 A¹
718 2735 782 2790 L,
877 2741 974 2781 ntea
998 2734 1068 2781 A·
1091 2736 1232 2781 amici
1255 2735 1460 2782 delevit'
1667 2735 1851 2781 verbum

142 2791 577 2909 fiosgescgnfpsemnt
605 2808 641 2840 ι.
667 2809 707 2840 v
732 2749 916 2841 alifia
945 2796 963 2855 ΙΙ
996 2794 1053 2843 27
1087 2795 1471 2853 despensandiA
1501 2796 1519 2856 ΙΙ
1550 2823 1577 2841 ..
1640 2796 1856 2856 quant-uss

1879 927 1905 966 ⁶2
