2028 3106
218 122 328 175 274
545 119 597 165 L.
621 117 858 163 ANNAEI
889 117 1162 163 SENECAE
1193 116 1350 162 DIAL.
1376 116 1485 161 LIB.
1511 116 1588 161 IX.

218 242 367 311 flere,
408 260 530 303 cum
570 259 752 294 omnes
792 240 1013 293 faciant:
1056 240 1187 293 adeo
1226 239 1440 309 penitus
1478 240 1583 292 hoc
1621 256 1678 291 se
1716 239 1916 291 malum

218 317 358 386 fixit,
407 334 473 370 ex
518 316 691 369 aliena
739 315 992 383 opinione
1030 310 1282 383 pendere,
1327 317 1389 366 ut
1426 315 1483 366 in
1522 313 1917 367 simulationem

219 391 379 444 etiam
418 408 502 443 res
542 389 958 458 simplicissima,
998 390 1175 458 dolor,
1212 388 1404 441 veniat.

366 462 510 518 XVI.
581 462 837 532 Sequitur
896 481 1019 532 pars
1029 505 1043 530 ,
1106 481 1240 532 quae
1302 463 1439 516 solet
1498 481 1609 516 non
1670 462 1916 516 inmerito

220 539 535 594 contristare
574 542 627 592 et
659 540 716 590 in
746 537 1163 591 sollicitudinem
1195 537 1468 591 adducere.
1531 538 1623 591 ubi
1655 537 1919 590 bonorum

219 616 391 668 exitus
431 614 560 666 mali
598 615 747 681 sunt,
785 612 878 665 ubi
910 610 1155 666 Socrates
1194 612 1407 683 cogitur
1444 613 1500 664 in
1531 630 1737 665 carcere
1769 612 1921 679 mori,

218 688 453 741 Rutilius
485 688 543 740 in
573 688 734 741 exilio
771 688 973 755 vivere,
1012 686 1300 756 Pompeius
1341 690 1394 739 et
1418 685 1602 740 Cicero
1636 686 1918 740 clientibus

218 765 327 816 suis
360 763 612 833 praebere
645 761 927 831 cervicem,
962 760 1092 815 Cato
1125 762 1238 830 ille,
1269 762 1550 814 virtutium
1581 761 1704 815 viva
1727 761 1920 831 image,

216 838 529 891 incumbens
584 837 768 909 gladio
824 836 986 890 simul
1038 836 1102 890 de
1157 854 1212 890 se
1265 840 1437 890 aetum
1486 853 1590 890 esse
1638 854 1701 890 ac
1751 835 1815 888 de
1864 852 1921 887 re

164 920 171 931 ·’
217 913 435 983 publica
477 913 657 982 palam
695 911 894 980 facere,
939 929 1153 966 necesse
1193 913 1274 965 est
1311 911 1551 980 torqueri
1588 913 1699 963 tam
1738 909 1923 978 iniqua

3 1036 10 1043 .
66 987 90 1030 ὖ
161 1023 164 1047 ;
217 988 454 1058 praemia
483 987 757 1040 fortunam
788 987 1116 1056 persolvere3
1155 989 1208 1039 et
1241 985 1370 1054 quid
1402 986 1504 1039 sibi
1537 986 1762 1054 quisque
1792 988 1922 1038 tunc

218 1065 418 1132 speret,
471 1080 593 1116 cum
639 1062 817 1115 videat
856 1061 1089 1131 pessima
1127 1060 1361 1131 optimos
1400 1059 1549 1130 pati?
1626 1059 1754 1130 quid
1793 1077 1920 1130 ergo

120 1184 125 1186 ,
219 1137 334 1191 est?
425 1136 545 1191 vide
608 1137 878 1206 quomodo
941 1137 1168 1206 quisque
1230 1136 1447 1188 illorum
1501 1135 1708 1203 tulerit,
1771 1137 1824 1187 et
1877 1135 1922 1187 si

168 1265 170 1268 .
217 1213 383 1266 fortes
422 1212 662 1281 fuerunt,
702 1213 942 1281 ipsorum
981 1211 1105 1265 illos
1145 1211 1323 1264 animo
1364 1210 1623 1278 desidera,
1664 1210 1708 1263 si
1740 1209 1922 1262 mulie-

218 1288 386 1340 briter
424 1291 478 1340 et
515 1287 707 1358 ignave
746 1287 1042 1356 perierunt,
1079 1287 1216 1339 nihil
1255 1288 1417 1355 perit:
1463 1288 1556 1338 aut
1595 1285 1743 1356 digni
1784 1287 1925 1351 sunt,

220 1380 448 1430 quorum
487 1362 656 1415 virtus
696 1361 796 1414 tibi
835 1362 1067 1430 placeat,
1112 1363 1205 1414 aut
1244 1360 1474 1431 indigni,
1523 1377 1752 1429 quorum
1791 1358 1923 1411 desi-

219 1437 432 1490 deretur
462 1436 690 1507 ignavia.
755 1436 883 1505 quid
915 1434 1057 1488 enim
1089 1438 1170 1489 est
1200 1435 1411 1504 turpius
1444 1452 1605 1503 quam
1637 1435 1682 1487 si
1705 1433 1925 1486 maximi

218 1512 321 1564 viri
351 1511 569 1564 timidos
600 1510 813 1563 fortiter
835 1510 1110 1564 moriendo
1135 1508 1376 1563 faciunt?
1426 1509 1704 1562 laudemus
1726 1508 1924 1560 totiens

220 1586 443 1657 dignum
503 1586 752 1639 laudibus
815 1588 867 1638 et
929 1585 1189 1639 dicamus:
1260 1584 1434 1637 ‘tanto
1496 1583 1710 1652 fortior,
1771 1584 1923 1636 tanto

218 1661 448 1715 felicior!
511 1679 694 1714 omnes
719 1660 956 1732 effugisti
981 1678 1158 1728 casus,
1188 1660 1435 1728 livorem,
1467 1658 1736 1726 morbum3
1768 1656 1922 1710 existi
1956 1675 1974 1706 2

219 1755 285 1789 ex
324 1735 590 1805 custodia3
627 1753 739 1789 non
777 1739 838 1788 tu
877 1735 1071 1806 dignus
1111 1735 1254 1788 mala
1291 1734 1508 1788 fortuna
1547 1733 1627 1786 dis
1666 1732 1813 1785 visus
1853 1750 1923 1799 es,

220 1811 312 1865 sed
366 1810 643 1882 indignus,
699 1811 756 1863 in
812 1828 970 1879 quem
1024 1810 1131 1863 iam
1182 1809 1386 1879 aliquid
1434 1809 1652 1862 fortuna
1701 1805 1922 1876 posset'3

220 1885 638 1939 subducentibus
686 1903 812 1939 vero
859 1903 914 1938 se
962 1887 1014 1938 et
1060 1885 1117 1938 in
1162 1886 1280 1953 ipsa
1326 1887 1497 1937 morte
1536 1882 1603 1936 ad
1641 1882 1808 1934 vitam
1846 1899 1924 1933 re-

221 1961 585 2030 spectantibus
641 1979 829 2014 manus
883 1959 1180 2013 iniciendae
1233 1962 1372 2012 sunt.
1463 1958 1730 2011 neminem
1785 1955 1923 2009 flebo

218 2036 445 2103 laetum,
504 2035 773 2088 neminem
834 2034 1073 2087 flentem:
1142 2034 1233 2087 ille
1293 2034 1541 2087 lacrimas
1603 2049 1747 2084 meas
1810 2031 1924 2100 ipse

221 2109 492 2180 apstersit,
539 2110 629 2163 hic
669 2110 778 2163 suis
816 2108 1052 2163 lacrimis
1093 2109 1289 2177 effecit,
1335 2127 1402 2161 ne
1441 2107 1567 2161 ulh's
1607 2106 1801 2176 dignus
1842 2105 1924 2159 sit.

221 2203 320 2256 ego
361 2183 649 2238 Herculem
681 2184 859 2253 fleam,
901 2183 1045 2253 quod
1083 2183 1236 2237 vivus
1275 2183 1473 2251 uritur,
1511 2183 1603 2235 aut
1642 2179 1925 2252 Regulum,

1954 927 1996 958 10

1956 1299 1997 1332 15

1956 2048 1998 2081 25

370 2345 399 2390 2
430 2346 583 2390 infixit
613 2347 746 2391 malit
770 2346 906 2391 Gertz
927 2345 943 2405 ΙΙ
973 2345 1004 2390 4
1035 2345 1246 2402 sequitur
1275 2345 1389 2402 voly.
1423 2345 1644 2400 sequetur
1667 2343 1713 2387 A
1736 2341 1752 2401 Η
1780 2341 1810 2386 5
1842 2341 1924 2384 ad-
1984 2360 1989 2365 ·

223 2406 405 2450 ducere.
455 2405 540 2449 ubi
573 2441 582 2450 .
610 2442 619 2451 .
648 2442 656 2449 .
690 2405 867 2459 facere,
899 2418 1088 2450 necesse
1121 2405 1318 2461 Madvig]
1348 2405 1511 2460 interp.
1554 2402 1809 2456 adducere,
1840 2399 1924 2444 ubi

225 2501 234 2510 .
262 2500 271 2509 .
300 2501 307 2509 .
340 2466 509 2510 facere.
564 2479 753 2510 necesse
790 2466 905 2523 voly.
944 2464 960 2524 ΙΙ
1002 2465 1031 2509 9
1071 2466 1228 2508 actum
1261 2476 1362 2508 esse
1394 2463 1502 2507 add.
1533 2477 1574 2507 v.
1600 2462 1644 2506 d.
1672 2462 1815 2514 Vliet,
1846 2460 1925 2504 sed

215 2531 322 2582 post
360 2524 605 2582 republica
642 2527 838 2570 inseruit
875 2538 924 2570 se
957 2525 1206 2581 desperare
1237 2523 1455 2568 excidisse
1478 2527 1618 2579 putat
1639 2525 1746 2578 post
1784 2520 1842 2564 de
1875 2534 1923 2564 se

224 2599 279 2629 ac
312 2585 370 2629 de
400 2598 497 2641 rep.
525 2586 755 2631 Matthias
784 2584 800 2644 ΙΙ
830 2584 886 2629 11
918 2586 1032 2629 tunc
1063 2598 1178 2629 corr.
1203 2584 1256 2628 in
1286 2596 1410 2627 nunc
1434 2581 1503 2627 A¹
1532 2581 1646 2626 boni
1669 2581 1801 2625 Koch
1829 2579 1924 2623 tuti

225 2645 364 2690 Gertz
408 2659 503 2689 non
541 2646 807 2702 Petscheniy
851 2644 868 2704 ΙΙ
912 2644 971 2689 18
1011 2644 1203 2688 timidos
1246 2645 1447 2699 <nos>
1485 2655 1617 2698 prop.
1658 2640 1863 2696 Pfemiiy
1906 2638 1922 2697 ΙΙ

223 2705 283 2749 20
307 2718 466 2749 omnes
487 2704 619 2749 Gertz
642 2705 854 2749 homines
871 2705 917 2749 A
940 2703 1143 2748 hominis
1167 2717 1269 2748 cum
1294 2703 1390 2747 edd.
1409 2707 1521 2746 antt.
1539 2701 1736 2758 Madviy
1758 2699 1924 2742 huma-

224 2778 308 2809 nos
334 2766 493 2810 Muret
537 2764 542 2823 1
586 2778 744 2808 cassus
776 2766 822 2810 A
867 2763 872 2823 Ι
914 2763 1129 2809 morbum
1152 2764 1198 2808 A
1233 2763 1352 2819 quod
1383 2761 1586 2816 defendit
1618 2760 1721 2805 Joh.
1748 2759 1925 2803 Miiller

225 2830 329 2881 apte
353 2825 451 2869 coll.
477 2824 589 2868 dial.
616 2825 700 2869 XI
726 2828 770 2879 9,
787 2828 815 2868 4
846 2837 1052 2868 morsum
1079 2823 1214 2868 Gertz
1236 2823 1252 2882 Η
1274 2821 1334 2866 26
1357 2825 1443 2878 nec
1464 2820 1575 2864 ullis
1598 2821 1645 2865 A
1668 2818 1684 2879 ΙΙ
1705 2818 1762 2863 27
1786 2818 1924 2863 verba

226 2885 310 2928 aut
339 2883 555 2941 regulum
586 2884 712 2940 quod
743 2885 816 2928 tot
838 2883 986 2928 clauis
1011 2883 1261 2940 configitur
1290 2884 1342 2927 i‘n
1364 2894 1507 2939 mary.
1533 2880 1639 2925 add.
1665 2878 1736 2924 A⁸
1757 2882 1801 2924 et
1818 2882 1924 2935 post

225 2943 378 2988 uritur
407 2944 652 2989 inserenda
683 2957 774 2990 esse
802 2944 1082 3002 siy‘nifieavit
