2034 3086
190 46 266 100 40
531 45 581 91 L.
607 9 845 90 ANNAEI
877 44 1153 91 SENECAE
1184 46 1343 92 DIAL.
1368 46 1480 91 Lm.
1506 47 1563 91 11.

190 168 400 222 vocem!
477 168 559 222 vis
598 171 660 221 tu
699 167 893 222 fortius
931 167 1085 237 loqui
1106 171 1177 221 'et
1215 169 1364 221 illam
1404 187 1471 222 ex
1507 171 1625 222 toto
1670 188 1902 224 summo-

131 255 158 295 5
190 243 334 296 vere!
411 242 604 296 domus
650 242 782 296 haec
829 243 1085 312 sapientis
1125 246 1376 314 angusta,
1426 244 1539 297 sine
1579 245 1752 314 cultu,
1790 246 1903 299 sine

191 317 442 386 strepitu,
497 318 610 371 sine
665 321 949 386 apparatu,
1000 318 1166 371 nulh's
1221 318 1532 371 adservatur
1584 319 1903 374 ianitoribus

189 391 403 444 turbam
428 392 605 445 venali
644 391 862 444 fastidio
903 392 1292 462 digerentibus,
1331 393 1421 446 sed
1461 412 1558 462 per
1594 393 1700 447 hoc
1737 395 1905 447 limen

187 483 419 520 vacuum
474 469 527 519 et
580 467 646 519 ab
702 467 915 520 ostiaris
970 467 1199 520 liberum
1254 467 1470 520 fortuna
1526 479 1637 520 non
1689 470 1904 523 transit:

190 541 292 594 scit
327 559 441 594 non
480 560 593 595 esse
632 541 747 595 11110
787 542 890 594 sibi
928 542 1136 610 locum,
1173 542 1268 594 ubi
1307 543 1391 596 sui
1428 541 1568 595 nihil
1606 545 1699 596 est.

131 629 154 669 1
338 614 482 669 XVI.
525 615 730 679 Quodsi
768 615 1037 685 Epicurus
1090 633 1328 685 quoque,
1382 617 1477 686 qui
1523 617 1737 686 corpori
1786 618 1904 686 plu-

188 690 386 743 rimum
427 690 676 759 indulsit,
707 690 960 744 adversus
1001 691 1223 744 iniurias
1264 692 1502 762 exurgit,
1541 692 1635 761 qui
1674 692 1728 744 id
1760 692 1903 760 apud

187 783 287 819 nos
319 765 631 818 incredibile
655 765 825 818 videri
856 768 1042 850 potest·
1059 768 1152 818 aut
1184 784 1348 835 supra
1377 765 1644 820 humanae
1683 769 1904 819 naturae

187 839 531 894 mensuram?
607 840 699 893 ille
755 840 830 893 ait
884 840 1105 894 iniurias
1152 840 1458 895 tolerabiles
1506 860 1620 895 8888
1661 842 1906 911 sapienti,

186 932 286 969 nos
333 915 557 968 iniurias
602 933 715 968 non
761 934 887 970 esse.
965 933 1065 969 nec
1104 915 1246 968 enim
1287 918 1389 985 est,
1428 915 1576 986 quod
1615 916 1760 971 dicas
1799 915 1905 970 hoc

72 1042 78 1054 ;
127 1004 154 1043 2
186 992 408 1043 naturae
461 1008 785 1061 repugnare:
846 1009 957 1043 non
1009 1009 1270 1061 negamus
1331 1009 1444 1044 rem
1505 990 1904 1044 incommodam

63 1121 72 1144 ἃ
187 1082 301 1118 8888
332 1064 602 1118 verberari
641 1067 694 1118 et
734 1065 942 1134 impelli
982 1068 1035 1118 et
1074 1066 1257 1135 aliquo
1297 1066 1539 1119 membro
1579 1083 1780 1135 carere,
1811 1066 1904 1120 sed

60 1178 68 1186 ,
114 1205 127 1214 δ
187 1139 370 1192 omnia
423 1140 527 1193 ista
580 1158 840 1210 negamus
897 1140 1119 1194 iniurias
1175 1159 1313 1224 esse3
1366 1159 1477 1194 non
1531 1159 1747 1195 sensum
1794 1141 1903 1194 illis

187 1213 389 1268 doloris
415 1213 763 1284 detrahimus,
795 1214 886 1268 sed
917 1229 1116 1267 nomen
1147 1215 1391 1285 1111111188,
1422 1215 1567 1285 quod
1590 1234 1702 1268 non
1725 1218 1906 1285 potest

186 1289 355 1359 recipi
393 1289 592 1342 virtute
647 1290 809 1343 salva.
886 1293 1006 1343 uter
1043 1290 1222 1344 verius
1278 1289 1421 1343 dicat
1459 1290 1784 1344 videbimus:
1838 1290 1904 1343 ad

187 1367 558 1433 contemptum
592 1364 809 1434 quidem
841 1364 1067 1418 iniuriae
1099 1367 1324 1434 uterque
1356 1365 1637 1419 consentit.
1694 1365 1904 1434 quaeris

187 1437 318 1506 quid
363 1439 504 1492 inter
550 1439 685 1492 duos
732 1439 980 1492 intersit?
1058 1439 1204 1509 quod
1250 1440 1390 1492 inter
1434 1439 1759 1510 gladiatores
1797 1439 1903 1492 for·

184 1512 449 1582 tissimos‚
489 1530 721 1582 quorum
761 1514 897 1566 alter
934 1514 1133 1583 premit
1156 1514 1351 1567 vulnus
1392 1516 1445 1567 et
1484 1516 1591 1567 stat
1630 1514 1687 1566 in
1719 1513 1905 1584 gradu,

187 1587 322 1641 alter
359 1588 650 1657 respiciens
691 1587 758 1641 ad
798 1589 1119 1642 clamantem
1158 1589 1424 1658 populum
1464 1588 1735 1659 significat
1766 1587 1905 1641 nihil

126 1675 154 1715 3
188 1680 302 1716 esse
334 1665 388 1716 et
419 1663 677 1716 intercedi
707 1681 819 1715 non
849 1664 1066 1733 patitur.
1122 1682 1234 1716 non
1265 1666 1369 1733 881,
1394 1663 1539 1733 quod
1571 1666 1728 1733 putes
1758 1681 1903 1734 mag-

185 1755 342 1806 num,
382 1754 490 1807 quo
531 1737 874 1791 dissidemus:
914 1738 1049 1791 illud
1083 1757 1191 1808 quo
1225 1737 1289 1791 de
1322 1739 1522 1809 agitur,
1555 1738 1700 1807 quod
1732 1756 1903 1793 unum

186 1811 254 1864 ad
304 1830 401 1866 vos
453 1813 710 1897 pertinet,
755 1816 982 1882 utraque
1030 1813 1275 1882 exempla
1320 1812 1628 1882 hortantur,
1667 1816 1903 1867 contem-

184 1905 311 1940 nere
343 1887 567 1941 iniurias
601 1891 676 1957 et,
712 1905 845 1957 quas
878 1888 1196 1941 iniuriarum
1228 1888 1442 1941 umbras
1475 1906 1538 1941 ac
1570 1888 1902 1957 suspiciones

187 1961 428 2031 dixerim,
461 1928 828 2046 contunieliaS,
861 1963 928 2016 ad
961 1981 1094 2032 quas
1126 1963 1493 2047 despiciendas
1521 1981 1633 2016 non
1665 1963 1901 2031 sapiente

187 2054 324 2106 opus
342 2040 423 2091 est
432 2038 566 2106 vir0,
582 2038 674 2091 sed
689 2040 901 2090 tantum
920 2038 1269 2107 consipiente,
1286 2038 1379 2108 qui
1397 2038 1500 2092 sibi
1516 2037 1689 2106 possit
1704 2037 1901 2091 dicere:

187 2109 389 2164 ‘utrum
429 2113 621 2165 merito
662 2112 796 2165 mihi
835 2113 939 2166 ista
978 2113 1229 2167 accidunt
1269 2132 1337 2168 an
1376 2111 1663 2166 inmerito?
1718 2113 1763 2165 si
1795 2131 1902 2165 me-

185 2187 315 2255 rito,
366 2205 479 2240 non
534 2191 614 2241 est
669 2188 1018 2256 contumelia,
1072 2187 1332 2241 iudicium
1387 2190 1488 2256 est,
1532 2187 1589 2250 ‚si
1635 2187 1902 2256 inmerito,

125 2275 154 2314 4
187 2261 267 2314 illi
315 2262 409 2331 qui
456 2263 656 2316 iniusta
709 2263 839 2315 facit
890 2263 1308 2316 erubescendum
1356 2261 1469 2316 est.’
1544 2265 1597 2315 et
1645 2262 1775 2331 quid
1821 2266 1902 2315 est

337 2378 396 2423 10
421 2379 623 2435 Epicuri
652 2380 819 2438 fraym.
846 2383 939 2425 585·
969 2381 1041 2425 Us.

336 2452 366 2497 3
390 2453 671 2498 adseruatur
695 2454 779 2509 A¹‚
805 2454 836 2498 d
860 2468 975 2499 corr.
1000 2456 1053 2498 in
1077 2468 1098 2498 8
1123 2453 1282 2513 A1-211
1305 2453 1333 2498 5
1356 2466 1529 2497 uacum
1554 2455 1602 2498 et
1627 2452 1687 2497 ab
1712 2452 1900 2510 ostiarjs

187 2513 258 2558 A¹
278 2527 394 2558 corr.
422 2513 490 2558 A⁸
512 2515 644 2569 fort..-
674 2527 881 2558 uacuum
915 2513 974 2557 ab
1007 2513 1248 2571 hostiarjis
1286 2513 1303 2573 Η
1340 2513 1368 2558 8
1400 2513 1484 2570 qui
1514 2513 1566 2557 id
1591 2514 1754 2558 Haase
1785 2513 1899 2569 quid

187 2574 234 2618 A
263 2572 281 2633 ΙΙ
310 2573 340 2617 9
373 2573 576 2617 humane
601 2576 647 2618 A
677 2573 694 2633 ΙΙ
726 2574 785 2618 16
807 2573 1020 2643 uirtutes]
1040 2574 1085 2618 A
1113 2580 1152 2623 (8
1176 2576 1310 2631 eras.)
1341 2573 1357 2633 Η
1388 2573 1445 2618 17
1471 2574 1760 2618 contemtum
1783 2587 1897 2618 corr.

186 2635 240 2678 in
270 2634 594 2689 contemptum
618 2634 688 2678 A⁵
720 2634 725 2692 Ι
763 2634 920 2690 queris
946 2635 991 2678 A
1021 2633 1038 2693 Η
1068 2633 1126 2678 19
1158 2635 1206 2678 81
1237 2635 1335 2677 stat
1365 2647 1480 2678 corr.
1507 2647 1563 2677 ex
1587 2634 1711 2678 estat
1734 2634 1831 2678 A¹

187 2691 248 2737 22
279 2707 372 2750 quo
404 2692 687 2737 dissidemus
718 2694 834 2751 voly.
869 2693 996 2750 quod
1028 2693 1145 2737 diss-
1170 2695 1216 2738 A
1255 2693 1271 2754 Η
1308 2692 1368 2738 26
1400 2693 1692 2749 consipiente
1717 2692 1895 2738 Ruben

190 2752 508 2809 conspiciente
544 2754 590 2798 A
637 2754 642 2812 Ι
695 2753 778 2809 qui
821 2752 913 2797 sibi
956 2753 1106 2810 possit
1147 2754 1262 2811 voly.
1304 2752 1580 2810 quisipossit
1614 2753 1660 2797 A
1699 2766 1813 2798 corr.
1846 2753 1898 2796 in

189 2812 500 2870 quidsipossit
531 2828 587 2858 m.
613 2815 836 2859 recentior
867 2813 883 2873 Η
913 2812 971 2858 27
1003 2813 1234 2859 immerito
1259 2813 1330 2859 A⁵
1358 2812 1375 2873 ΙΙ
1405 2812 1465 2858 29
1495 2812 1618 2857 facie
1649 2811 1896 2857 rubescen-

191 2872 303 2916 dum
327 2873 396 2918 A¹
428 2887 542 2918 corr.
569 2872 639 2918 A²

1958 485 1978 517 5

1937 859 1979 890 10

1936 1231 1977 1263 15

1934 1604 1978 1636 20

1932 1977 1975 2011 25
