2028 3106
251 107 362 162 244
575 107 623 151 L.
650 106 886 150 ANNAEI
917 105 1189 150 SENECAE
1222 106 1378 152 DIAL.
1404 108 1516 151 Lis.
1541 107 1618 152 IX.

253 245 389 297 quae
437 226 639 280 nullius
698 227 952 281 convivae
1006 228 1189 281 oculos
1242 245 1341 282 nec
1386 229 1665 298 voluptate
1711 234 1947 284 moretur

157 328 174 335 ‘-
192 315 219 355 8
251 319 352 356 nec
389 302 642 355 accendat
680 301 893 354 invidia.
957 319 1078 355 cum
1117 302 1250 355 bene
1289 303 1392 355 ista
1421 304 1764 374 placuerunt,
1801 324 1949 374 prae-

182 430 185 433 *
252 376 472 447 stringit
530 377 767 429 animum
823 380 1108 445 apparatus
1160 377 1384 430 alicuius
1434 378 1776 505 paetgzfigog-ii,
1834 380 1949 432 dili-

173 1433 222 1472 10

178 1953 221 1993 11

251 451 466 522 gentius
508 469 666 519 quam
705 450 763 502 in
800 451 1000 503 tralatu
1037 450 1231 504 vestita
1263 454 1316 504 et
1348 446 1573 505 aurB'T
1622 472 1653 505 a
1683 454 1950 523 mancipia

253 528 308 579 εὴ
357 543 550 596 agmen
602 543 876 578 servorum
914 525 1223 594 nitentium,
1271 526 1379 579 iam
1418 527 1606 580 domus
1647 527 1807 580 etiam
1847 547 1951 597 qua

252 600 491 653 calcatur
535 600 771 668 pretiosa
816 602 870 651 et
916 599 1116 653 divitiis
1163 618 1258 669 per
1305 618 1488 655 omnes
1536 602 1761 672 angulos
1801 603 1950 656 dissi-

252 674 393 745 patis
442 676 584 726 tecta
630 674 747 743 ipsa
792 673 1057 744 fulgentia
1102 677 1154 726 et
1200 673 1502 728 adsectator
1539 693 1822 745 comesque
1860 695 1951 746 pa-

251 748 628 802 trimoniorum
674 748 1013 817 pereuntium
1050 749 1308 819 populus3
1355 750 1483 818 quid
1522 751 1844 819 perlucentis
1884 752 1952 804 ad

252 823 423 876 imum
485 841 648 891 aquas
711 825 764 875 et
826 822 1254 877 circumfluentes
1315 824 1434 894 ipsa
1495 826 1762 895 convivia,
1823 825 1951 894 quid

254 897 438 968 epulas
485 898 678 966 loquar
716 915 907 950 scaena
945 916 1042 950 sua
1080 897 1306 968 dignas?
1382 899 1725 954 circumfudit
1762 919 1848 954 me
1887 919 1953 953 ex

252 973 418 1044 longo
488 972 813 1043 frugalitatis
884 972 991 1025 situ
1058 972 1360 1026 venientem
1429 975 1601 1027 multo
1673 975 1951 1045 splendore

252 1047 468 1100 luxuria
506 1050 560 1099 et
596 1046 833 1116 undique
873 1046 1279 1100 circumsonuit:
1318 1048 1539 1116 paulum
1569 1045 1767 1102 titubat
1799 1050 1954 1119 acieS,

252 1121 465 1175 facilius
512 1121 763 1174 adversus
814 1121 962 1174 illam
1015 1121 1252 1174 animum
1308 1140 1468 1191 quam
1516 1123 1700 1177 oculos
1740 1125 1953 1194 attoll03

252 1196 442 1250 recedo
497 1197 678 1265 itaque
731 1214 840 1249 non
886 1196 1058 1265 peior,
1119 1196 1211 1249 sed
1258 1196 1487 1266 tristior,
1547 1215 1645 1251 nec
1683 1198 1825 1252 inter
1861 1199 1954 1252 illa

253 1271 448 1324 frivola
498 1289 614 1323 mea
660 1274 771 1323 tam
812 1271 951 1323 altus
990 1271 1179 1324 incedo
1219 1271 1520 1341 tacitusque
1559 1290 1769 1326 morsus
1810 1273 1955 1327 subit

255 1348 308 1399 et
356 1345 644 1412 dubitatio,
691 1344 954 1414 numquid
1002 1346 1096 1398 illa
1133 1345 1356 1399 meliora
1394 1346 1524 1400 sint:
1573 1347 1711 1400 nihil
1758 1347 1952 1401 horum

254 1438 340 1474 me
386 1423 581 1488 mutat,
629 1419 767 1472 nihil
812 1423 992 1473 tamen
1036 1438 1147 1474 non
1192 1421 1445 1476 concutit.
1529 1422 1705 1491 placet
1749 1422 1954 1491 inperia

253 1498 662 1564 praeceptorum
714 1495 865 1564 sequi
916 1498 970 1547 et
1014 1494 1071 1547 in
1116 1495 1346 1548 mediam
1391 1495 1469 1548 ire
1506 1515 1619 1549 rem
1658 1497 1954 1567 publicam3

253 1570 431 1638 placet
460 1569 691 1622 honores
723 1569 988 1638 fascisque
1018 1587 1130 1622 non
1161 1569 1366 1623 scilicet
1395 1589 1634 1640 purpura
1664 1574 1758 1624 aut
1787 1571 1953 1643 virgis

255 1644 546 1698 abductum
596 1661 893 1713 capessere,
942 1644 1035 1697 sed
1083 1647 1146 1697 ut
1196 1644 1380 1699 amicis
1431 1645 1856 1715 propinquisque
1902 1649 1956 1700 et

257 1718 506 1772 omnibus
553 1718 784 1788 civibus,
831 1718 1078 1772 omnibus
1129 1718 1319 1773 deinde
1365 1720 1680 1773 mortalibus
1719 1720 1957 1791 paratior

255 1794 546 1863 utiliorque
586 1793 701 1847 sim.
777 1796 1082 1863 promptus,
1123 1793 1453 1863 compositus
1494 1813 1689 1864 sequor
1724 1795 1957 1865 Zenona,

259 1866 573 1937 Cleanthen,
620 1866 1003 1938 Chrysippum,
1050 1886 1276 1937 quorum
1323 1871 1504 1922 tamen
1540 1887 1698 1923 nemo
1738 1869 1804 1922 ad
1841 1889 1954 1923 rem

256 1943 529 2012 publicam
580 1943 825 2011 accessit,
882 1946 934 1995 et
982 1961 1141 1996 nemo
1191 1961 1302 1996 non
1354 1943 1515 1997 misit.
1602 1944 1697 1997 ubi
1751 1945 1956 2014 aliquid

258 2017 497 2070 animum
535 2017 811 2070 insolitum
851 2017 1065 2070 arietari
1095 2017 1379 2087 percussit,
1416 2018 1510 2071 ubi
1541 2018 1743 2088 aliquid
1776 2036 1955 2073 occur-

256 2091 330 2145 rit
367 2095 461 2145 aut
498 2091 801 2163 indignum,
840 2095 903 2145 ut
939 2091 998 2144 in
1029 2093 1177 2145 omni
1207 2092 1318 2145 vita
1347 2091 1582 2146 humana
1613 2094 1784 2146 multa
1816 2097 1956 2163 sunt,

257 2170 351 2220 aut
403 2185 594 2237 parum
641 2186 713 2219 ex»
751 2167 896 2220 facili
935 2166 1105 2219 fluens
1113 2208 1130 2236 ,
1178 2170 1271 2220 aut
1308 2167 1538 2221 multum
1576 2167 1833 2238 temporis
1870 2186 1955 2222 res

406 2342 465 2387 22
498 2344 667 2387 Zenon.
693 2344 753 2398 fr.
781 2347 867 2388 170
898 2344 1054 2387 Pears.
1081 2344 1163 2398 cfr.
1191 2343 1305 2389 dial.
1331 2344 1463 2388 VIII
1487 2348 1530 2399 3,
1554 2348 1586 2389 2

408 2446 438 2490 3
467 2446 735 2504 paedagogi
760 2457 788 2490 ς
825 2446 1083 2503 pedagogit
1118 2447 1205 2503 (vel
1234 2446 1520 2505 pedagogia)
1544 2448 1591 2492 A
1628 2447 1644 2507 ΙΙ
1682 2447 1738 2492 11
1771 2448 1865 2492 situ
1888 2447 1959 2492 A²

260 2507 462 2564 (virqala
484 2511 643 2563 postea
674 2520 808 2551 erasa
839 2508 918 2563 est)
949 2506 964 2565 Η
995 2505 1053 2550 15
1077 2519 1166 2562 pro
1196 2520 1302 2551 mea
1333 2521 1373 2552 v.
1398 2508 1478 2552 der
1503 2507 1628 2552 Vliet
1656 2509 1813 2553 mente
1841 2508 1956 2552 desi-

260 2567 393 2612 derat
432 2566 448 2626 Η
489 2566 548 2610 16
584 2580 708 2610 nunc
747 2565 862 2622 quid
894 2566 940 2610 A
979 2579 1092 2610 corr.
1124 2567 1238 2624 voly.
1281 2566 1298 2626 Η
1340 2566 1395 2611 17
1428 2581 1522 2611 non
1551 2568 1711 2612 tamen
1743 2566 1813 2611 A¹
1843 2581 1954 2612 corr.

261 2641 318 2671 m.
341 2629 374 2671 2
409 2625 413 2684 Ι
449 2624 646 2682 imperia
676 2626 1035 2682 praeceptorum
1062 2624 1199 2670 Gertz
1228 2625 1605 2683 inpreceptorum
1629 2628 1676 2672 A
1698 2627 1809 2671 inde
1832 2627 1956 2671 viam

261 2687 620 2742 praeceptorum
659 2686 819 2730 Haase
870 2685 996 2728 viam
1045 2687 1405 2742 praeceptorum
1453 2687 1652 2744 Madviy
1703 2688 1956 2743 praecepta

262 2746 526 2790 nostrorum
566 2746 697 2790 Koch
740 2745 756 2804 Η
799 2744 858 2788 22
903 2745 1147 2801 promptus
1195 2746 1479 2802 compositus
1517 2756 1547 2790 ς
1589 2746 1852 2807 promptus}
1870 2746 1957 2790 sim

262 2805 445 2862 positus
476 2806 523 2850 A
564 2804 580 2864 ΙΙ
621 2804 680 2848 24
711 2804 749 2848 &
778 2818 913 2849 nemo
945 2805 992 2849 A
1030 2810 1169 2849 reete:
1208 2806 1256 2850 et
1278 2827 1323 2842 =
1347 2807 1394 2850 et
1422 2807 1584 2851 tamen
1614 2807 1697 2861 cfr.
1729 2805 1866 2851 Gertz
1895 2806 1959 2850 ad

264 2864 376 2910 dial.
408 2866 504 2909 III
525 2867 568 2919 3,
592 2868 621 2908 4
653 2866 778 2922 (pay.
805 2867 877 2919 55,
901 2866 943 2920 1)
974 2864 1029 2907 ut
1059 2877 1194 2908 nemo
1221 2864 1358 2910 Gertz
1389 2867 1437 2910 et
1466 2866 1569 2924 voly
1606 2879 1690 2910 om.
1721 2864 1738 2925 Η
1767 2864 1826 2909 25
1858 2865 1957 2909 ani-

265 2938 393 2967 mum
423 2923 664 2968 insolitum
697 2925 810 2982 volq.
845 2924 1052 2967 animam
1082 2923 1321 2968 insolitam
1346 2925 1393 2970 A
1421 2924 1438 2985 ΙΙ
1468 2925 1525 2970 27
1557 2938 1631 2969 res
1655 2935 1684 2970 ς
1713 2924 1778 2982 rej
1806 2925 1851 2970 A

1983 917 2026 950 10

1986 1291 2027 1323 15

1986 1664 2028 1696 20

1987 2036 2028 2068 25
