2034 3086
182 66 254 120 74
507 64 558 110 L.
583 64 821 110 ANNAEI
852 64 1127 111 SENECAE
1158 66 1556 115 DIAL.L1B.1V.

121 200 147 240 5
179 187 348 241 tristis
400 186 705 257 adspectus3
755 186 878 240 inde
928 191 1009 241 est
1055 184 1200 258 quod
1246 189 1546 243 adridemus
1585 191 1879 245 ridentibus

115 1411 142 1451 2

180 265 234 315 et
271 262 554 315 contristat
589 281 689 316 nos
728 262 886 315 turba
923 265 1273 317 maerentium
1304 267 1358 317 et
1388 265 1777 319 effervescimus
1813 266 1879 319 ad

179 337 353 390 aliena
383 337 686 390 certamina.
750 355 885 406 quae
915 355 1026 390 non
1058 342 1183 391 sunt
1213 339 1343 408 irae,
1374 357 1486 392 non
1515 341 1686 410 magis
1719 359 1879 410 quam
1922 350 1924 352 ’

178 411 399 465 tristitia
456 414 557 480 est,
619 430 754 481 quae
816 410 884 464 ad
944 416 1290 482 conspectum
1351 414 1553 467 mimici
1612 415 1880 486 naufragii

179 485 448 539 contrahit
485 485 739 555 frontem,
778 504 890 539 non
926 486 1099 556 magis
1131 505 1291 556 quam
1322 488 1505 557 timor,
1546 489 1639 557 qui
1676 488 1879 542 Hanni·

176 561 296 614 bale
342 563 467 630 post
510 558 717 614 Cannas
764 561 976 614 moenia
1020 561 1426 616 circumsidente
1464 563 1726 616 lectorum
1764 583 1880 633 per-

178 635 346 689 currit
395 635 600 689 animos
609 678 623 705 ‚
675 635 767 689 sed
817 636 998 689 omnia
1046 636 1150 689 ista
1198 639 1376 690 motus
1417 641 1542 691 sunt
1580 638 1879 692 animorum

177 710 381 763 moveri
410 711 710 764 nolentium
739 729 838 764 nec
870 710 1108 764 adfectus
1134 710 1227 764 sed
1249 712 1515 782 principia
1541 712 1881 782 proludentia

178 784 488 839 adfectibus.
566 786 643 839 sic
689 785 831 839 enim
870 786 1117 839 militaris
1157 787 1260 839 viri
1298 787 1355 839 in
1392 787 1567 841 media
1604 807 1734 857 pace
1773 789 1880 841 iam

176 860 349 931 togati
403 879 555 913 aures
605 861 736 913 tuba
786 861 1008 914 suscitat
1057 879 1330 931 equosque
1379 866 1671 916 castrenses
1722 863 1881 933 erigit

178 935 411 1004 crepitus
482 954 767 988 armorum.
867 934 1233 989 Alexandrum
1302 936 1454 989 aiunt
1520 936 1878 1007 Xenophanto

177 1013 398 1064 canente
436 1029 655 1063 manum
694 1009 762 1063 ad
801 1029 949 1063 arma
986 1012 1208 1064 misisse.

324 1097 417 1152 ΠΙ.
471 1098 628 1153 Nihil
660 1118 725 1153 ex
755 1099 863 1169 his,
904 1118 1040 1169 quae
1072 1101 1310 1153 animum
1340 1100 1565 1154 fortuito
1598 1101 1878 1171 inpellunt,

176 1173 415 1228 adfectus
454 1175 636 1228 vocari
675 1174 852 1228 debet:
892 1175 1016 1244 ista,
1047 1179 1110 1227 ut
1139 1176 1215 1228 ita
1247 1175 1443 1244 dicam,
1474 1177 1678 1245 patitur
1707 1177 1878 1247 magis

176 1249 385 1303 animus
426 1267 586 1319 quam
625 1250 768 1303 facit.
846 1268 974 1320 ergo
1022 1250 1261 1303 adfectus
1301 1253 1382 1303 est
1418 1269 1530 1303 non
1568 1250 1635 1303 ad
1674 1251 1878 1305 oblatas

175 1342 353 1378 rerum
404 1325 606 1394 species
652 1325 879 1394 moveri,
926 1325 1019 1378 sed
1057 1326 1363 1395 permittere
1404 1344 1458 1378 se
1498 1325 1606 1379 illis
1646 1328 1700 1379 et
1736 1326 1880 1380 hunc

175 1399 459 1453 fortuitum
505 1403 713 1453 motum
763 1400 1031 1470 prosequi.
1117 1419 1243 1454 nam
1283 1401 1328 1454 si
1368 1401 1488 1470 quis
1528 1401 1788 1470 pallorem
1827 1404 1882 1454 et

173 1474 421 1527 lacrimas
483 1474 810 1544 procidentis
872 1478 926 1528 et
985 1475 1339 1529 irritationem
1399 1476 1600 1529 umoris
1664 1476 1879 1529 obsceni

176 1549 410 1602 altumve
462 1550 752 1619 suspirium
803 1552 856 1603 et
907 1550 1091 1603 oculos
1131 1550 1308 1604 subito
1349 1550 1578 1604 acriores
1619 1554 1712 1604 aut
1749 1550 1878 1620 quid

174 1624 259 1677 his
312 1624 485 1677 simile
535 1624 793 1678 indicium
843 1624 1082 1678 adfectus
1133 1625 1402 1694 animique
1450 1626 1663 1696 signum
1709 1629 1877 1695 putat,

175 1698 382 1752 fallitur
418 1717 518 1753 nec
556 1700 823 1771 intellegit
861 1700 1102 1770 corporis
1140 1700 1240 1754 hos
1280 1719 1393 1753 esse
1424 1701 1625 1770 pulsus
1698 1701 1878 1770 itaque

175 1777 230 1827 et
265 1773 591 1828 fortissimus
630 1775 946 1845 plerumque
983 1776 1068 1828 vir
1107 1774 1233 1828 dum
1269 1778 1505 1828 armatur
1535 1775 1796 1845 expalluit
1825 1779 1878 1829 et

176 1849 331 1920 signo
386 1867 599 1920 pugnae
653 1849 777 1903 dato
833 1850 1165 1904 ferocissimo
1219 1850 1380 1903 militi
1433 1851 1654 1920 paulum
1704 1867 1878 1921 genua

174 1927 507 1978 tremuerunt
530 1927 584 1978 et
606 1943 802 1996 magno
832 1925 1142 1995 imperatori
1174 1927 1457 1995 antequam
1489 1925 1628 1978 inter
1652 1944 1706 1978 se
1738 1925 1876 1979 acies

176 1999 462 2053 arietarent
500 2018 594 2054 cor
631 2001 821 2053 exiluit
858 2003 912 2054 et
951 2000 1151 2054 oratori
1183 2000 1619 2070 eloquentissimo
1653 1999 1779 2053 dum
1811 1999 1877 2052 ad

177 2074 459 2128 dicendum
491 2075 815 2144 conponitur
847 2094 1054 2130 summa
1083 2075 1375 2146 riguerunt.
1438 2076 1518 2128 ira
1540 2093 1651 2128 non
1673 2075 1876 2128 moveri

176 2152 385 2203 tantum
437 2149 592 2203 debet
640 2150 733 2203 sed
783 2168 1083 2219 excurrere3
1132 2153 1213 2203 est
1262 2151 1402 2204 enim
1453 2151 1688 2220 inpetus;
1725 2168 1876 2202 num-

177 2243 338 2294 quam
389 2227 566 2277 autem
615 2225 847 2294 impetus
899 2226 1012 2278 sine
1058 2224 1286 2278 adsensu
1331 2225 1524 2278 mentis
1564 2227 1664 2293 est,
1703 2243 1875 2294 neque

176 2299 318 2352 enim
356 2299 474 2352 fieri
512 2302 692 2369 potest
728 2303 791 2352 ut
830 2299 893 2353 de
932 2300 1136 2353 ultione
1176 2303 1230 2352 et
1267 2318 1440 2369 poena
1474 2302 1666 2370 agatur
1696 2299 1873 2352 animo

174 2374 457 2427 nesciente.
548 2375 760 2444 putavit
813 2394 867 2428 se
922 2375 1115 2444 aliquis
1169 2375 1394 2443 laesum,
1448 2374 1622 2427 voluit
1673 2374 1874 2442 ulcisci,

326 2535 352 2579 1
384 2535 495 2580 inde
527 2537 599 2581 est
630 2535 756 2592 quod
786 2537 831 2581 L
861 2537 973 2594 voly.
1003 2536 1128 2580 idest
1151 2535 1278 2593 quod
1301 2535 1347 2580 A
1378 2534 1616 2591 iidemque
1640 2535 1837 2593 Madviy
1859 2536 1874 2594 ΙΙ

174 2594 205 2638 6
235 2594 463 2639 lectorum
497 2631 505 2640 .
534 2632 542 2639 .
578 2596 758 2640 animos
794 2595 928 2641 Gertz
965 2597 1086 2652 (edit.
1112 2611 1162 2652 p.
1188 2597 1292 2652 415)
1335 2594 1524 2639 lectoris
1550 2629 1559 2638 .
1587 2630 1597 2640 .
1624 2595 1804 2639 animos
1826 2597 1871 2640 A

174 2654 364 2699 lectoris
391 2691 399 2699 .
429 2691 436 2699 .
464 2655 672 2699 animum
706 2656 867 2701 Muret
895 2655 911 2715 ΙΙ
941 2655 997 2699 11
1030 2654 1365 2712 xenophantoll
1392 2656 1436 2711 (ο
1468 2668 1524 2699 ex
1553 2668 1666 2700 corr.
1699 2660 1742 2700 et
1771 2669 1873 2699 cum

173 2729 265 2759 ras.
289 2715 393 2769 fort.
421 2730 451 2759 a
473 2730 616 2760 manu
641 2717 684 2772 1)
709 2716 756 2760 A
786 2714 802 2773 ΙΙ
833 2715 891 2759 13
915 2728 971 2759 ex
997 2715 1038 2759 is
1062 2715 1295 2760 Rossbach
1324 2713 1340 2773 ΙΙ
1371 2713 1427 2758 17
1451 2715 1631 2758 motum
1657 2715 1724 2758 Αὃ
1755 2716 1871 2771 (tum

174 2775 227 2818 in
264 2775 374 2830 ras.)
416 2774 433 2834 ΙΙ
474 2774 532 2819 18
562 2775 738 2819 umoris
775 2789 886 2819 corr.
923 2777 976 2820 in
1014 2774 1221 2819 humoris
1251 2773 1322 2819 A²
1337 2775 1392 2831 (1²)
1435 2773 1451 2832 Η
1493 2773 1550 2817 19
1586 2774 1794 2818 altumue
1825 2775 1871 2818 A

175 2835 336 2890 (supra
359 2836 561 2891 priorem
590 2849 624 2878 u
654 2835 822 2879 lineola
852 2837 985 2892 eras.)
1022 2834 1039 2894 Η
1079 2833 1136 2879 21
1174 2833 1338 2891 pulsus
1370 2833 1414 2877 L
1444 2834 1556 2890 voly.
1590 2833 1748 2890 pulsos
1780 2834 1825 2878 A
1855 2834 1871 2892 Η

174 2893 234 2938 25
266 2893 449 2938 exilluit
478 2895 582 2950 fort.
609 2894 679 2939 A¹
709 2908 821 2940 corr.
843 2894 1047 2939 radendo
1069 2895 1140 2939 A⁵
1174 2894 1180 2952 Ι
1214 2892 1584 2950 eloquentissimo
1609 2893 1679 2937 Af>

1911 879 1955 912 10

1911 1266 1953 1300 15

1909 1642 1953 1674 20
