2028 3106
192 89 300 143 228
506 85 556 129 L.
580 84 818 129 ANNAEI
849 83 1123 130 SENECAE
1154 86 1312 131 DIAL.
1338 87 1450 132 LIB.
1474 87 1574 133 VH.

135 223 159 261 6
192 207 292 276 ibi,
335 205 430 259 ubi
466 223 656 259 nocere
693 223 806 259 non
842 206 1035 274 potuit.
1111 207 1189 260 sic
1226 210 1428 261 vestras
1465 207 1890 263 halucinationes

192 282 308 335 fero
350 281 797 348 quemadmodum
828 277 1069 349 Iuppiter
1099 280 1336 350 optimus
1367 283 1633 336 maximus
1663 282 1891 352 ineptias

192 357 496 426 poetarum,
528 372 758 424 quorum
790 354 926 407 alius
957 355 1039 407 illi
1070 355 1180 409 alas
1211 356 1475 426 inposuit,
1507 358 1645 411 alius
1677 375 1890 426 cornua,

194 428 331 482 alius
383 429 686 482 adulterum
736 428 891 481 illum
941 429 1154 482 induxit
1206 433 1260 483 et
1306 430 1702 501 abnoctantem,
1755 432 1892 485 alius

195 521 410 557 saevom
447 503 507 557 in
544 504 696 571 (1008,
742 502 878 556 811118
916 503 1160 572 iniquom
1198 505 1256 557 in
1292 504 1562 574 homines,
1599 505 1735 560 alius
1773 525 1894 590 rap-

193 582 365 631 torem
403 578 762 661 ingenuorum
793 580 847 631 et
884 580 1237 649 cognatorum
1276 579 1515 649 quidem,
1554 580 1690 634 alius
1728 581 1894 650 parri-

195 652 367 707 cidam
406 656 461 706 et
490 651 645 723 regni
675 652 835 706 alieni
865 653 1182 723 paternique
1213 657 1660 725 expugnatorem:
1699 656 1894 725 quibus

192 727 330 780 nihil
368 726 516 780 aliud
555 729 733 780 actum
772 730 875 796 est,
914 746 1076 797 quam
1113 730 1177 781 ut
1213 729 1388 797 pudor
1423 729 1734 784 hominibus
1773 747 1894 800 pec-

138 817 160 855 7
194 802 350 856 candi
390 802 708 870 demeretur,
748 803 795 855 si
831 802 967 856 tales
1003 801 1131 855 deos
1164 802 1526 858 credidissent.
1590 803 1682 857 sed
1714 822 1896 873 quam-

195 894 356 945 quam
402 876 507 928 ista
552 894 636 929 me
674 876 813 929 nihil
849 877 1087 945 laedant,
1135 879 1313 930 vestra
1348 880 1529 932 tamen
1565 895 1663 931 vos
1701 896 1894 932 moneo

194 967 375 1004 causa:
430 950 682 1019 suspicite
735 950 1011 1020 virtutem,
1066 949 1263 1004 credite
1317 951 1407 1019 iis,
1460 952 1554 1021 qui
1602 952 1753 1005 illam
1804 952 1895 1005 diu

194 1023 366 1078 secuti
411 1042 667 1095 magnum
714 1024 968 1094 quiddam
1013 1025 1161 1095 ipsos
1201 1028 1256 1078 et
1294 1026 1439 1094 quod
1476 1027 1533 1079 in
1571 1026 1683 1081 dies
1723 1025 1894 1080 maius

196 1102 450 1168 appareat
479 1099 630 1168 sequi
661 1099 916 1168 clamant,
948 1102 1003 1153 et
1032 1101 1206 1169 ipsam
1236 1102 1299 1153 ut
1329 1099 1456 1153 deos
1481 1118 1543 1154 ac
1566 1100 1895 1171 professores

196 1173 309 1225 01118
356 1175 418 1225 ut
467 1173 735 1226 antistites
776 1174 936 1227 colite
976 1177 1050 1242 et,
1098 1174 1346 1242 quotiens
1386 1175 1588 1228 mentio
1629 1192 1896 1229 sacrarum

195 1246 495 1299 litterarum
555 1247 923 1316 intervenerit,
983 1247 1159 1301 favete
1211 1249 1426 1319 linguis.
1517 1249 1624 1302 hoc
1675 1250 1895 1302 verbum

194 1338 305 1373 non
313 1361 328 1389 ,
380 1324 443 1374 ut
495 1321 737 1390 plerique
792 1322 1123 1390 existimant,
1177 1341 1208 1374 a
1263 1323 1446 1376 favore
1495 1321 1750 1392 trahitur,
1804 1322 1898 1376 sed

196 1396 425 1465 imperat
470 1397 767 1465 silentium,
813 1400 874 1449 ut
918 1397 1019 1450 rite
1066 1396 1250 1467 peragi
1288 1398 1462 1466 possit
1500 1414 1710 1452 sacrum
1748 1397 1898 1450 nulla

196 1488 325 1524 voce
363 1471 506 1523 mala
545 1474 908 1540 opstrepente:
948 1471 1093 1540 quod
1132 1471 1304 1524 multo
1336 1472 1508 1542 magis
1537 1472 1897 1527 necessarium

196 1548 277 1598 est
322 1545 575 1614 imperari
621 1545 800 1613 vobiS,
852 1549 936 1614 ut,
986 1545 1232 1614 quotiens
1280 1546 1485 1615 aliquid
1531 1565 1598 1599 ex
1643 1547 1738 1600 illo
1777 1565 1898 1616 pro-

195 1619 396 1672 feretur
456 1620 696 1687 01801110,
756 1620 950 1673 intenti
1002 1623 1057 1673 et
1110 1638 1416 1690 compressa
1468 1638 1599 1674 voce
1653 1619 1897 1673 audiatis.

198 1710 319 1746 cum
373 1693 592 1747 sistrum
643 1694 836 1762 aliquis
887 1695 1197 1748 concutiens
1245 1714 1311 1748 ex
1356 1695 1582 1764 imperio
1624 1694 1897 1763 mentitur,

198 1784 320 1820 cum
359 1768 554 1837 aliquis
594 1769 807 1822 secandi
846 1770 1072 1822 lacertos
1105 1787 1230 1823 suos
1263 1770 1456 1823 artifex
1485 1769 1705 1823 brachia
1734 1771 1898 1837 atque

197 1859 409 1895 umeros
457 1860 715 1912 suspensa
759 1862 923 1896 manu
970 1847 1236 1912 cruentat,
1282 1862 1404 1897 cum
1455 1844 1636 1913 aliqua
1673 1843 1897 1914 genibus

197 1934 294 1985 per
341 1915 484 1968 viam
534 1935 724 1987 repens
774 1918 949 1971 ululat
997 1919 1315 1988 laurumque
1352 1919 1608 1972 linteatus
1648 1935 1809 1971 senex
1846 1920 1900 1971 et

197 1989 373 2043 medio
418 1991 690 2044 lucernam
737 1992 823 2045 die
871 1992 1174 2061 praeferens
1224 1993 1527 2046 conclamat
1570 1991 1767 2045 iratum
1807 1991 1899 2045 ali-

348 2180 374 2224 1
406 2178 632 2224 halucina
662 2182 877 2226 nationes
901 2183 946 2226 A
984 2181 1000 2241 ΙΙ
1038 2181 1067 2226 5
1097 2183 1335 2238 raptorem
1366 2182 1675 2253 ingenuorum
1701 2183 1901 2240 Madvig]

200 2241 442 2295 raptorum
472 2239 781 2309 ingenuorum
813 2243 1131 2297 corruptorem
1155 2243 1201 2287 A
1238 2242 1318 2287 sed
1347 2256 1451 2285 rum
1481 2243 1534 2287 in
1564 2243 1806 2299 raptorum
1830 2241 1901 2287 A⁶

200 2299 252 2341 in
291 2313 384 2344 ras.
415 2301 588 2344 maiore
617 2300 750 2345 solito
780 2301 1089 2357 compendiose
1117 2302 1320 2358 scripsit,
1353 2303 1671 2358 corruptorem
1701 2302 1808 2346 item
1830 2300 1900 2346 A⁵

200 2359 254 2400 in
281 2371 390 2412 ras„
419 2361 490 2404 ita
512 2364 685 2414 tamen,
707 2365 761 2404 ut
782 2365 900 2405 certo
922 2360 1197 2416 dispiciatur
1219 2361 1289 2405 A¹
1309 2362 1384 2406 hic
1405 2362 1616 2406 habuisse
1638 2362 1900 2417 raptorem,

200 2429 304 2473 er90
346 2417 553 2464 dubitari
592 2421 750 2475 nequit
791 2420 905 2476 quin
934 2419 1004 2464 A¹
1040 2420 1274 2466 habuerit.-
1314 2421 1553 2476 raptorem
1591 2419 1900 2478 ingenuorum

201 2477 438 2532 raptorem
480 2478 496 2537 ΙΙ
537 2477 597 2522 10
638 2479 679 2521 18
720 2481 882 2523 tamen
922 2478 1071 2523 nichil
1101 2479 1171 2524 A¹
1200 2493 1313 2525 corr.
1346 2495 1404 2524 m.
1437 2483 1467 2524 5
1508 2478 1524 2538 ΙΙ
1566 2478 1624 2524 14
1661 2492 1900 2524 sacrarum

202 2535 466 2580 litterarum
491 2539 537 2593 (i.
557 2552 591 2582 e.
616 2537 962 2595 philosophiae)
985 2539 1085 2583 edd.
1106 2540 1294 2596 antiqq„
1317 2539 1395 2584 cui
1418 2539 1548 2583 Koch
1579 2540 1687 2584 bene
1710 2538 1903 2583 contulit

201 2596 314 2640 dial.
347 2594 401 2639 X
430 2599 500 2650 14,
524 2602 550 2641 1
592 2610 727 2642 88018
764 2598 1031 2643 litterarum
1061 2599 1108 2643 A
1150 2611 1389 2642 sacrarum
1423 2598 1627 2642 vitarum
1658 2597 1859 2655 Madvi9
1886 2596 1926 2656 ΙΙ·

203 2655 261 2698 15
284 2654 408 2698 111110.
451 2655 648 2701 uerbum
671 2658 718 2702 A
745 2671 858 2702 corr.
883 2658 998 2714 v019.
1021 2659 1037 2716 Η
1067 2657 1127 2702 16
1150 2657 1213 2702 ad
1235 2657 1442 2701 favorem
1465 2659 1659 2715 Lipsius
1687 2657 1704 2717 ΙΙ
1734 2657 1829 2702 17
1815 2671 1902 2701 un-

202 2716 340 2770 perat
365 2714 502 2759 Gertz
530 2715 790 2772 imperatur
812 2718 858 2762 A
887 2715 906 2776 ΙΙ
934 2716 993 2761 18
1022 2731 1139 2762 uoce
1168 2716 1298 2761 mala
1321 2716 1391 2761 A⁶
1412 2722 1576 2763 uocem
1608 2716 1706 2774 alja
1734 2721 1788 2761 ut
1809 2716 1899 2761 vid.

204 2773 273 2818 A¹
308 2773 326 2833 ΙΙ
363 2773 424 2818 23
454 2777 512 2817 01”1
544 2774 704 2830 aliqua
727 2778 774 2821 A
805 2777 861 2822 de
890 2778 1157 2833 pronomine
1186 2778 1270 2832 cfr.
1299 2776 1403 2822 Sen.
1431 2782 1628 2823 controv.
1654 2776 1707 2821 X
1734 2779 1778 2831 3,
1801 2779 1832 2820 2
1860 2781 1903 2822 et

205 2836 248 2887 4,
270 2837 332 2878 20
363 2836 431 2891 (p.
465 2838 568 2888 474,
591 2837 677 2889 25;
707 2841 810 2891 490,
835 2841 894 2882 10
924 2840 967 2881 et
996 2840 1054 2882 13
1087 2836 1246 2893 Man.)
1286 2849 1391 2881 cum
1431 2835 1604 2892 aliquis
1640 2837 1754 2894 vol9.
1796 2849 1901 2879 cum

207 2893 324 2937 811118
356 2893 517 2949 aliqua
552 2869 687 2939 ’Gertz

1927 897 1970 929 10

1929 1267 1971 1299 15

1929 1638 1972 1671 80
