2034 3086
630 10 714 56 DE
745 9 1168 55 PROVIDENTIA
1201 8 1329 54 CAP.
1355 15 1384 54 4
1792 12 1861 65 13

153 134 426 191 felicitatis
465 132 881 203 intemperantia
919 135 1023 186 est:
1061 133 1247 185 movet
1277 131 1578 202 cerebrum,
1615 131 1675 185 in
1696 148 1861 185 vanas

153 213 360 265 mentes
391 207 654 280 imagines
686 210 899 277 evocat,
935 206 1171 260 multum
1202 205 1345 259 inter
1365 205 1564 261 falsum
1588 225 1652 262 ac
1673 224 1862 260 verum

152 285 359 340 mediae
409 281 655 354 caliginis
703 281 899 336 fundit.
976 279 1166 349 quidni
1215 279 1383 334 satius
1429 282 1501 335 sit
1546 284 1863 352 perpetuam

151 359 525 415 infelicitatem
575 356 836 411 advocata
870 355 1073 410 virtute
1118 355 1382 408 sustinere
1433 374 1597 426 quam
1634 355 1862 410 infinitis

152 439 316 505 atque
354 431 656 486 immodicis
695 431 854 487 bonis
884 428 1103 500 rumpi?
1151 428 1327 483 lenior
1356 429 1556 485 ieiunio
1588 449 1734 486 mors
1766 433 1864 500 est,

153 508 418 565 cruditate
449 507 735 562 dissiliunt.
787 506 930 560 hanc
959 504 1144 575 itaque
1173 504 1440 558 rationem
1464 506 1540 559 dii
1563 509 1866 576 sequuntur

153 585 213 638 in
267 582 425 637 bonis
470 582 600 637 viris
658 599 822 652 quam
875 580 935 634 in
986 579 1266 650 discipulis
1316 579 1427 634 suis
1473 585 1866 652 praeceptores,

156 657 251 727 qui
288 658 411 728 plus
448 657 650 712 laboris
690 656 759 711 ab
798 655 845 708 is
884 654 1133 726 exigunt,
1173 655 1232 709 in
1271 654 1467 724 quibus
1506 656 1704 711 certior
1741 673 1864 726 spes

155 735 252 787 est.
336 733 583 803 nunquid
632 736 695 786 tu
745 729 948 784 invisos
999 748 1115 784 esse
1172 729 1610 785 Lacedaemoniis
1664 731 1865 785 liberos

154 825 280 862 suos
321 807 517 877 credis,
563 823 796 876 quorum
836 805 1183 875 experiuntur
1219 804 1458 858 indolem
1496 805 1713 876 publice
1751 823 1866 859 ver-

155 882 371 937 beribus
426 879 696 936 admotis?
786 879 893 949 ipsi
943 880 1067 934 illos
1129 881 1310 950 patres
1365 879 1745 950 adhortantur,
1803 882 1868 933 ut

154 957 294 1012 ictus
332 957 674 1029 flagellorum
713 954 927 1008 fortiter
964 954 1253 1025 perferant,
1291 956 1347 1007 et
1382 954 1588 1010 laceros
1616 974 1678 1011 ac
1711 954 1867 1010 semi-

154 1032 359 1086 animes
388 1033 611 1103 rogant,
640 1034 982 1098 perseverent
1003 1029 1229 1083 vulnera
1258 1029 1514 1099 praebere
1538 1030 1867 1085 vulneribus.

155 1106 285 1176 quid
324 1107 548 1173 mirum,
586 1104 633 1157 si
671 1103 801 1157 dure
839 1121 1129 1176 generosos
1169 1102 1391 1172 spiritus
1430 1103 1561 1158 deus
1600 1103 1868 1174 temptat?

153 1199 452 1251 numquam
503 1178 720 1232 virtutis
777 1180 942 1233 molle
1004 1179 1390 1232 documentum
1449 1181 1543 1232 est.
1620 1180 1869 1234 verberat

154 1274 255 1310 nos
309 1259 365 1309 et
415 1255 619 1309 lacerat
670 1253 910 1308 fortuna:
964 1253 1256 1324 patiamur!
1331 1271 1445 1307 non
1498 1256 1580 1308 est
1630 1254 1869 1323 saevitia,

155 1333 429 1384 certamen
481 1331 587 1397 est,
640 1327 784 1397 quod
837 1346 936 1398 quo
990 1326 1204 1397 saepius
1251 1326 1563 1399 adierimus‚
1615 1329 1867 1384 fortiores

157 1404 380 1458 erimus:
430 1401 757 1457 solidissima
804 1403 1046 1474 corporis
1097 1419 1221 1471 pars
1272 1406 1355 1457 est
1405 1422 1567 1474 quam
1614 1404 1867 1473 frequens

157 1496 287 1532 usus
341 1477 583 1550 agitavit.
658 1478 950 1548 praebendi
998 1477 1249 1531 fortunae
1302 1496 1515 1548 sumus,
1565 1481 1629 1532 ut
1682 1480 1870 1546 contra

156 1553 307 1608 illam
347 1553 415 1607 ab
454 1552 574 1623 ipsa
611 1551 886 1607 duremur:
925 1551 1188 1623 paulatim
1226 1568 1326 1606 nos
1366 1554 1471 1608 sibi
1505 1570 1661 1623 pares
1692 1552 1871 1622 faciet,

157 1631 532 1699 contemptum
578 1627 940 1697 periculorum
992 1626 1285 1680 adsiduitas
1325 1628 1666 1698 periclitandi
1705 1627 1869 1682 dabit.

158 1704 237 1758 sic
286 1706 414 1758 sunt
451 1701 682 1757 nauticis
723 1721 950 1773 corpora
986 1701 1207 1755 ferendo
1247 1703 1383 1756 mari
1422 1703 1579 1774 dura,
1618 1702 1869 1776 agricolis

159 1797 350 1832 manus
379 1778 560 1846 tritae,
598 1777 665 1830 ad
697 1776 1016 1832 excutienda
1046 1776 1156 1830 tela
1179 1776 1437 1832 militares
1460 1778 1650 1833 lacerti
1672 1779 1871 1847 valent,

158 1853 321 1923 agilia
381 1855 509 1907 sunt
571 1852 811 1906 membra
868 1850 1199 1907 cursoribus:
1254 1851 1309 1905 id
1363 1853 1422 1907 in
1475 1871 1692 1924 quoque
1746 1852 1870 1907 soli—

307 1997 338 2042 2
354 2001 534 2045 mentes
547 2000 592 2045 A
611 2000 815 2043 mentem
839 2000 939 2046 edd.
957 1998 1129 2044 multae
1143 1997 1160 2067 Ι]
1181 1997 1212 2043 8
1228 1998 1394 2055 quidni
1412 2001 1562 2046 satius
1577 2001 1739 2047 Muret
1754 1999 1870 2057 quid

161 2069 219 2102 ne
243 2056 284 2101 is
307 2057 458 2103 satius
476 2060 523 2105 A
545 2060 563 2118 ΙΙ
584 2058 615 2104 5
631 2058 789 2105 ieiuno
808 2059 987 2106 Hosius
1007 2059 1025 2118 ΙΙ
1046 2058 1077 2103 6
1094 2057 1162 2103 ᾶίι
1180 2061 1407 2116 sequntur
1423 2062 1469 2106 A
1527 2060 1552 2106 7
1604 2061 1870 2116 receptores

161 2114 337 2162 laboris
354 2116 442 2172 A¹;
457 2119 576 2164 inter
597 2119 708 2164 haee
728 2119 867 2164 verba
889 2134 925 2165 s.
942 2133 982 2165 v.
1001 2117 1107 2163 add.
1128 2116 1198 2163 A·
1213 2118 1294 2176 qui
1317 2119 1426 2177 plus
1441 2120 1458 2179 ΙΙ
1534 2133 1563 2165 a
1592 2120 1654 2179 sis
1670 2118 1740 2164 A¹
1755 2131 1869 2164 corr.

161 2177 215 2222 ὑπ
238 2174 399 2233 ablhis
416 2176 517 2236 A³u
537 2177 568 2222 9
590 2177 805 2236 nunquid
823 2180 867 2224 A
891 2181 908 2238 Η
932 2178 992 2224 10
1014 2175 1255 2233 uerberib;
1281 2181 1413 2236 (corr.
1439 2194 1497 2226 ex
1525 2176 1740 2235 uerbe‘re)
1764 2177 1834 2223 A¹
1854 2179 1873 2239 ΙΙ

162 2234 222 2281 1⁸
250 2235 493 2295 patiamur
516 2237 673 2284 Mar-et
702 2238 913 2295 patimur
936 2239 982 2285 A
1020 2238 1037 2296 Ιι
1077 2236 1133 2282 17
1166 2238 1291 2295 quod
1324 2253 1417 2297 quo
1449 2245 1492 2285 et
1523 2240 1578 2285 P.
1602 2239 1799 2284 Thomas
1829 2245 1872 2285 et

159 2309 183 2341 ‘
209 2309 394 2401 &2⁰32
418 2295 544 2401 ³215
549 2298 805 2403 “225123‘2'
827 2296 1296 2403 ‚ffdb2055113305n22'
1344 2298 1403 2345 ¹⁸
1438 2296 1873 2416 W‘igffissffl

160 2414 465 2471 periclitandi
490 2413 627 2461 dabit
649 2423 731 2462 aut
755 2418 891 2463 verba
914 2414 1174 2475 praebendi
1199 2417 1304 2463 fort.
1330 2431 1490 2463 sumus
1517 2451 1714 2462 ......
1746 2418 1871 2475 peri-

161 2473 361 2520 clitandi
404 2474 541 2521 dabit
575 2482 683 2533 poet
720 2476 932 2523 membra
971 2475 1236 2522 cursoribus
1275 2483 1572 2535 transponere
1605 2477 1871 2535 voluerunt;

160 2547 185 2579 e
278 2549 432 2582 vereor
468 2550 527 2583 ne
563 2537 633 2582 ita
671 2538 822 2593 ipsum
853 2537 1070 2584 Senecam
1100 2539 1385 2596 eorriyamas
1423 2537 1442 2606 Ι]
1485 2534 1546 2581 20
1584 2535 1805 2583 duremur
1843 2549 1872 2583 s

194 2606 382 2640 uremus
413 2596 482 2642 A¹
521 2597 594 2652 (us
624 2597 892 2654 compendio
921 2595 1056 2641 solito
1085 2609 1198 2653 ecr.;
1227 2599 1365 2643 iuxta
1394 2595 1563 2654 stylum
1594 2597 1664 2642 A⁶
1694 2599 1872 2644 litterae

162 2667 218 2699 us
260 2654 387 2712 add.)
430 2657 437 2714 Ι
474 2654 626 2705 faciet
664 2656 795 2702 Koch
842 2655 992 2701 faciat
1025 2656 1071 2701 A
1104 2656 1121 2715 ΙΙ
1161 2655 1222 2703 22
1252 2656 1433 2702 sicsunt
1470 2669 1678 2703 con-..ex
1719 2658 1872 2703 sisunt

161 2714 268 2767 sort.
301 2713 371 2760 A¹
413 2715 420 2772 Ι
463 2714 655 2761 ferendo
693 2717 809 2775 νοις.
850 2714 1087 2760 efferendo
1124 2717 1193 2762 A¹
1237 2716 1318 2762 sed
1363 2713 1415 2759 ef
1454 2729 1568 2762 corr.
1606 2731 1663 2763 σε
1698 2717 1740 2775 ej
1776 2718 1871 2763 sive

161 2773 274 2877 41εὲίά
323 2774 634 2880 gleiudGantea
670 2777 766 2831 suit
835 2773 1039 2820 nauticis
1084 2774 1226 2821 sortia
1270 2788 1354 2820 ora
1396 2775 1445 2819 et
1487 2773 1680 2822 ferendo
1719 2791 1779 2821 m.
1820 2778 1871 2820 in

1898 520 1951 561 11

1902 1122 1955 1164 12

1904 1719 1959 1760 18
