2028 3106
131 77 240 131 204
448 74 498 118 L.
523 73 760 119 ANNAEI
791 73 1064 120 SENECAE
1095 75 1254 122 DIAL.
1279 77 1390 124 LIB.
1414 77 1515 124 VH.

130 196 395 267 principia
433 227 504 234 —
542 214 641 250 nec
686 196 828 250 enim
872 196 1035 250 habet
1081 197 1248 269 aliud,
1296 199 1437 253 unde
1476 204 1699 255 conetur
1735 206 1830 256 aut

130 271 272 324 unde
310 270 377 323 ad
408 289 594 323 verum
625 271 887 340 impetum
919 271 1096 341 capiat
1125 303 1197 311 —-
1207 277 1315 342 ,at
1344 273 1403 326 in
1433 292 1489 328 se
1518 279 1826 329 revertatur

129 363 255 398 nam
324 344 555 398 mundus
618 362 833 414 quoque
894 349 1087 399 cuncta
1148 348 1488 417 conplectens
1549 353 1828 419 rectorque

130 419 367 472 universi
416 418 544 472 deus
595 418 654 472 in
703 419 967 473 exteriora
1017 420 1234 490 quidem
1271 421 1467 492 tendit,
1519 423 1611 475 sed
1648 427 1831 478 tamen

129 494 394 547 introsum
424 492 706 562 undique
691 512 749 546 in
781 512 836 547 se
866 494 1017 547 redit
1079 495 1221 549 idem
1251 499 1435 550 nostra
1465 514 1614 550 mens
1645 498 1829 552 faciat:

130 585 252 621 cum
299 569 480 621 secuta
525 585 710 621 sensus
758 586 882 622 suos
929 586 1026 652 per
1069 569 1192 624 illos
1240 588 1295 624 se
1341 570 1410 623 ad
1455 573 1672 624 externa
1709 591 1830 641 por-

128 641 346 709 rexerit,
401 643 454 693 et
500 640 717 694 illorum
765 644 818 694 et
864 643 948 696 sui
992 646 1183 712 potens
1223 645 1306 698 sit.
1382 645 1487 698 hoc
1525 645 1684 699 modo
1723 664 1831 699 una

129 715 392 769 efficietur
428 715 510 768 vis
549 733 612 769 ac
650 718 886 785 potestas
918 734 1141 771 concors
1174 718 1277 771 sibi
1307 721 1361 772 et
1389 719 1527 772 ratio
1559 719 1654 773 illa
1687 723 1831 773 certa

127 791 375 844 nascetur
426 807 538 843 non
595 789 856 844 dissidens
909 809 1009 845 nec
1053 791 1321 846 haesitans
1375 793 1433 846 in
1487 794 1830 863 opinionibus

128 863 712 934 conprensionibusque
760 882 860 919 nec
909 865 968 919 in
1015 867 1380 936 persuasione,
1431 886 1567 937 quae
1614 887 1736 923 cum
1775 887 1830 923 se

129 938 394 1009 disposuit
443 941 498 992 et
546 940 788 1010 partibus
841 940 950 994 suis
997 941 1267 995 consensit
1305 944 1380 1011 et,
1428 945 1491 995 ut
1528 943 1604 996 ita
1642 943 1830 1028 dicam,

128 1013 425 1083 concinuit,
471 1032 740 1068 summum
783 1015 988 1068 bonum
1036 1016 1230 1087 tetigit.
1306 1016 1446 1070 nihil
1483 1017 1625 1070 enim
1663 1019 1830 1087 pravi,

126 1088 265 1141 nihil
307 1087 504 1142 lubrici
551 1091 814 1158 superest,
859 1089 1000 1143 nihil
1044 1090 1102 1143 in
1148 1107 1254 1159 quo
1301 1091 1490 1144 arietet
1535 1094 1628 1145 aut
1664 1092 1831 1162 labet3

129 1163 309 1216 omnia
353 1162 515 1217 faciet
560 1182 628 1216 ex
672 1163 898 1233 imperio
946 1182 1043 1218 suo
1090 1164 1332 1234 nihilque
1371 1166 1709 1235 inopinatum
1748 1184 1831 1221 ac-

126 1237 290 1306 cidet,
335 1236 428 1291 sed
473 1237 730 1322 quicquid
776 1241 965 1310 agetur
1013 1239 1072 1292 in
1115 1239 1318 1293 bonum
1363 1240 1531 1294 exibit
1575 1240 1732 1294 facile
1779 1244 1832 1294 et

127 1314 311 1381 parate
349 1314 405 1365 et
443 1312 558 1366 sine
595 1313 1036 1384 tergiversatione
1075 1314 1307 1384 agentis3
1354 1333 1480 1368 nam
1519 1315 1740 1386 pigritia
1778 1317 1832 1368 et

126 1385 409 1439 haesitatio
464 1404 703 1457 pugnam
757 1390 810 1440 et
862 1387 1279 1441 inconstantiam
1332 1388 1578 1442 ostendit
1668 1406 1830 1458 quare

124 1459 398 1514 audaciter
440 1459 570 1514 licet
614 1461 915 1530 profitearis
963 1479 1232 1515 summum
1268 1461 1472 1516 bonum
1511 1480 1625 1517 esse
1663 1463 1831 1516 animi

126 1533 490 1604 concordiam3
527 1534 751 1589 virtutes
791 1536 933 1588 enim
972 1535 1049 1589 ibi
1087 1553 1201 1590 esse
1240 1535 1528 1606 debebunt,
1573 1537 1668 1591 ubi
1706 1554 1830 1591 con·

127 1627 311 1663 sensus
351 1611 511 1678 atque
550 1609 728 1663 unitas
767 1610 890 1663 erit.
930 1609 1190 1664 dissident
1226 1610 1373 1664 vitia.

273 1681 364 1736 IX.
428 1681 562 1737 ‘Sed
618 1686 680 1737 tu
731 1683 972 1754 quoque'
1026 1685 1204 1755 inquit
1261 1684 1542 1739 ‘virtutem
1597 1703 1709 1740 non
1758 1686 1826 1739 ob

43 1803 49 1814 .
125 1757 272 1813 aliud
321 1758 478 1827 colis,
525 1775 686 1828 quam
735 1759 861 1828 quia
910 1759 1147 1829 aliquam
1185 1777 1252 1813 ex
1288 1759 1384 1813 illa
1421 1778 1600 1830 speras
1638 1760 1828 1830 volup-

39 1839 47 1850 ”
124 1831 325 1885 tatem?
386 1832 620 1902 primum
656 1851 790 1903 non,
830 1834 876 1888 si
913 1833 1247 1904 voluptatem
1284 1837 1618 1904 praestatura
1654 1835 1825 1889 virtus

125 1909 228 1976 est,
265 1907 384 1961 ideo
416 1910 638 1978 propter
666 1907 806 1962 hanc
836 1909 1063 1979 petitur3
1093 1927 1204 1963 non
1234 1909 1377 1962 enim
1407 1909 1547 1963 hanc
1575 1911 1826 1980 praestat,

1883 517 1904 550 5

1862 888 1906 921 10

1862 1259 1905 1293 15
1997 1309 2002 1314 .

1860 1629 1904 1662 2⁰

126 1980 218 2035 sed
256 1984 309 2035 et
345 1982 508 2052 hanc,
544 1999 644 2036 nec
673 1981 802 2037 huic
829 1982 1060 2052 laborat,
1101 1983 1193 2038 sed
1222 1983 1376 2037 labor
1405 1984 1542 2053 eius,
1581 1983 1825 2053 quamvis
1857 1999 1901 2034 ιε

126 2054 272 2111 aliud
321 2058 492 2126 petat,
545 2056 651 2111 hoc
700 2074 915 2127 quoque
964 2057 1296 2128 adsequetur.
1386 2058 1526 2113 sicut
1574 2058 1631 2111 in
1680 2075 1823 2127 arvo,

125 2130 270 2199 quod
301 2131 470 2201 segeti
499 2131 827 2200 proscissum
858 2135 959 2201 est,
992 2133 1160 2202 aliqui
1190 2132 1347 2186 flores
1379 2132 1826 2201 internascuntur,

123 2223 234 2258 non
294 2207 475 2259 tamen
530 2205 658 2259 huic
709 2205 985 2275 herbulae,
1047 2207 1289 2276 quamvis
1343 2206 1570 2261 delectet
1623 2207 1824 2275 ocuIOS,

124 2281 335 2331 tantum
398 2280 574 2349 operis
635 2280 970 2350 insumptum
1021 2283 1102 2335 est
1149 2311 1222 2319 —
1273 2280 1418 2334 aliud
1471 2281 1576 2334 fuit
1629 2281 1823 2334 serenti

124 2353 485 2423 propositum,
532 2352 638 2408 hoc
684 2355 992 2424 supervenit
1028 2385 1124 2423 -‚
1170 2355 1247 2408 sic
1290 2355 1540 2425 voluptas
1586 2372 1697 2409 non
1742 2357 1823 2409 est
1854 2371 1899 2404 ³0

272 2468 331 2514 21
362 2469 445 2525 cfr.
479 2469 682 2527 Epicuri
710 2470 770 2526 fr.
796 2474 885 2516 504
918 2471 991 2517 Us.

271 2541 302 2587 2
333 2545 384 2587 at
414 2543 520 2588 add.
551 2543 690 2589 Gertz
727 2543 744 2604 ΙΙ
783 2543 814 2589 3
843 2544 1045 2588 mundus
1076 2555 1104 2589 ς
1140 2545 1368 2590 mundum
1391 2547 1438 2591 A
1475 2545 1492 2605 ΙΙ
1532 2545 1562 2590 5
1591 2545 1821 2590 introsum

124 2601 226 2657 (cfr.
251 2615 382 2659 epp
386 2605 522 2658 .,162
537 2606 594 2658 2;
625 2606 727 2659 565,
749 2605 827 2661 22)
866 2604 1092 2650 Schultess
1129 2610 1172 2650 et
1208 2619 1287 2663 eqo
1327 2605 1532 2650 intotum
1562 2606 1608 2650 A
1650 2605 1821 2649 iterum

134 2661 205 2706 W
233 2660 409 2707 Gemoll
455 2661 460 2722 Ι
506 2661 676 2718 faciat,
710 2676 816 2707 cum
849 2697 858 2706 .
883 2698 893 2708 .
921 2698 930 2707 .
962 2664 1243 2720 porrexerit3
1275 2666 1324 2710 et
1353 2664 1542 2709 illorum
1574 2665 1820 2721 ..potens

125 2720 188 2764 sit
209 2721 499 2778 interpunxit
521 2722 828 2768 Reitzenstein
849 2722 866 2792 fl
889 2721 948 2768 18
971 2723 1093 2768 ariet
1107 2723 1178 2768 A¹
1199 2737 1313 2770 corr.
1333 2739 1391 2770 m.
1408 2727 1440 2770 2
1462 2729 1546 2769 aut
1565 2724 1786 2769 recentior
1807 2725 1819 2780 Η

124 2779 184 2824 16
213 2781 350 2837 parte
371 2781 418 2826 A
449 2782 524 2838 (m.
547 2795 633 2828 rec
657 2795 692 2828 s.
717 2796 800 2828 ser.
836 2797 879 2827 ..ι
911 2784 1094 2840 parate)
1125 2782 1142 2843 ΙΙ
1170 2782 1228 2829 27
1258 2784 1518 2852 procissum
1540 2785 1587 2829 A
1616 2782 1633 2843 Η
1661 2781 1722 2828 80
1752 2782 1820 2827 sic

123 2838 341 2897 voluptas
372 2840 472 2886 edd.
497 2846 604 2886 ante
631 2841 912 2888 Gronovium
951 2842 992 2887 si
1022 2856 1129 2887 cum
1158 2842 1380 2900 uoluptas
1404 2844 1451 2889 A
1481 2843 1549 2888 sic
1580 2844 1628 2888 et
1657 2841 1820 2900 volup-

127 2900 199 2943 tas
227 2899 410 2946 Gronov
442 2900 508 2945 sic
540 2900 658 2945 mihi
687 2916 728 2947 v.
759 2901 895 2948 Gertz
