2034 3086
758 35 1105 85 PRAEFATIO
1723 30 1789 76 IX

87 173 179 221 aut
207 169 359 221 verba
389 167 637 233 quaedam
665 165 732 216 ad
761 163 1145 231 grammaticam
1173 163 1265 211 aut
1293 161 1360 210 ad
1395 162 1476 211 ius
1505 160 1790 209 Romanum

85 244 393 312 pertinenfia
450 242 778 307 explicarent,
838 240 922 290 hic
980 251 1364 289 commemorare
1425 235 1551 286 satis
1612 233 1790 296 habeo,

86 322 275 386 quippe
323 333 451 383 quas
499 318 554 367 in
602 316 1018 366 commentarium
1064 311 1283 375 recipere
1329 311 1575 361 noluerim
1614 308 1791 360 auxilii

87 394 154 445 ad
202 394 418 444 Senecae
469 389 621 442 verba
668 389 980 440 emendanda
1023 386 1151 436 nihil
1200 385 1475 435 afferentes.
1550 385 1638 435 sed
1675 399 1790 434 cum

86 486 150 520 ne
200 469 325 519 haec
378 466 580 531 quidem
629 481 808 515 manus
861 464 1010 514 certis
1062 461 1252 524 ubique
1303 459 1504 510 indiciis
1554 476 1585 510 a
1636 475 1791 509 manu

86 543 253 609 prima
300 544 355 592 et
401 540 621 591 secunda
669 539 918 605 distingui
965 535 1148 602 possit,
1200 533 1369 598 Gertz,
1413 533 1500 583 ubi
1544 535 1792 584 incertum

88 620 214 718 ergit,
251 632 381 718 quae
418 631 598 665 manus
637 613 954 682 agnoscenda
993 613 1138 673 esset,
1176 608 1333 675 signis
1370 624 1493 659 usus
1530 611 1608 660 est
1644 602 1792 671 A1'2,

88 691 139 741 A
194 690 221 741 Ρ
253 729 268 754 ,
303 691 355 740 Α
410 689 437 740 ⁴?
466 729 478 740 .

169 684 461 825 OQuartiz)
478 765 656 815 deinde
704 777 887 813 manus
933 754 1055 828 (A4)
1103 759 1323 811 breviter
1366 758 1448 808 hic
1497 773 1792 808 commemo·
1823 756 1893 803 Α*

90 841 251 892 randa
302 844 401 905 est,
454 856 586 905 quae
638 840 891 903 scriptura
942 835 1107 885 nitida
1158 837 1211 884 et
1263 833 1329 884 ad
1388 832 1793 899 Langobardicas

88 916 275 967 formas
313 915 577 967 accedente
606 915 784 978 paucis
816 912 939 961 locis
969 910 1085 960 inde
1118 926 1149 960 a
1179 909 1382 974 dialogo
1412 907 1465 956 Π
1495 909 1795 974 argumenta

88 991 336 1057 quaedam
389 993 443 1040 et
494 988 686 1040 scholia
739 986 1021 1051 adscripsit.
1111 1001 1213 1034 non
1266 985 1401 1034 enim
1454 982 1608 1049 digna
1659 981 1796 1032 vide-

89 1066 276 1117 bantur
313 1081 445 1131 quae
482 1064 537 1114 in
576 1065 829 1128 apparatu
867 1062 1039 1111 critico
1079 1059 1376 1110 exhiberem.

238 1139 339 1191 Sed
375 1156 490 1191 cum
527 1154 688 1202 usque
726 1138 793 1188 ad
829 1137 885 1186 id
921 1139 1137 1200 tempus,
1174 1135 1221 1185 si
1257 1148 1444 1199 paucas
1482 1125 1557 1181 A⁸
1593 1146 1796 1181 rasuras

89 1215 361 1279 exceperis,
406 1214 563 1264 codex
606 1213 830 1263 modeste
878 1228 909 1261 a
955 1209 1313 1261 correctoribus
1363 1209 1612 1259 tractatus
1652 1208 1797 1268 esset,

90 1291 290 1340 saeculo
335 1289 455 1339 XIV
494 1290 587 1339 aut
623 1287 717 1337 XV
762 1304 794 1337 a
839 1303 994 1337 manu
1044 1286 1225 1350 quinta
1271 1283 1462 1335 rasuris
1510 1281 1797 1332 foedissime
1828 1279 1896 1324 A⁶

89 1367 319 1415 vastatus
369 1366 459 1415 est.
536 1366 688 1427 atque
737 1366 799 1414 ut
836 1378 868 1412 a
905 1360 1179 1411 levioribus
1215 1361 1479 1424 incipiam,
1524 1359 1578 1407 in
1629 1356 1796 1407 ortho-

91 1438 304 1503 graphia
339 1439 422 1487 hic
459 1441 709 1488 corrector
744 1437 1000 1502 permulta
1029 1436 1239 1486 novavit
1268 1436 1520 1499 scriptura
1558 1432 1797 1482 nimirum

92 1511 159 1561 ad
195 1526 316 1561 suae
355 1513 539 1562 aetatis
575 1528 726 1561 usum
764 1511 1161 1562 accommodata:
1199 1510 1275 1559 ita
1306 1524 1365 1559 ac
1394 1510 1478 1559 vel
1509 1523 1533 1575 ς
1570 1507 1624 1557 in
1656 1521 1701 1565 c,
1733 1520 1798 1555 uo

91 1586 146 1635 in
182 1585 361 1643 voum,
407 1586 583 1635 volnus
620 1587 674 1634 in
712 1602 783 1634 wu
821 1602 1018 1649 semper
1062 1585 1164 1634 fere
1202 1585 1422 1634 mutavit
1467 1585 1519 1633 et
1556 1583 1797 1646 antiquae

93 1660 374 1725 scripturae
417 1659 659 1723 reliquias
704 1661 759 1709 in
806 1659 1124 1721 apscondere,
1176 1662 1472 1715 aestwmare,
1507 1671 1796 1718 proxumum,

91 1735 304 1798 noeleyo,
353 1737 494 1794 aput,
540 1736 775 1796 optinere,
825 1734 1014 1783 cottidie
1059 1732 1167 1783 sim.
1208 1732 1477 1798 diligenter
1518 1734 1571 1781 et
1612 1731 1798 1796 ubique

92 1826 299 1861 rasurae
349 1823 444 1872 ope
500 1809 704 1872 expulit.
780 1809 914 1858 idem
970 1808 1244 1858 innumeris
1299 1808 1445 1869 locis,
1506 1806 1693 1870 quibus
1744 1806 1799 1855 in

92 1884 257 1936 verbis
332 1882 715 1948 nominibusque
792 1900 904 1933 cum
979 1882 1436 1947 praepositionibus
1508 1881 1798 1947 compositis

93 1960 277 2010 ultima
320 1956 708 2024 praepositionis
755 1974 1032 2009 consonans
1078 1958 1311 2022 sequenti
1357 1956 1654 2008 consonanti
1698 1972 1799 2006 non

95 2032 385 2084 adsimilata
413 2034 539 2094 erat,
568 2034 759 2083 rasuris
789 2048 910 2084 usus
943 2032 1257 2084 assimilavit.
1320 2032 1584 2083 sescenties
1620 2030 1799 2081 deinde

95 2124 155 2159 ea
194 2123 322 2172 quae
359 2102 432 2157 Αι
470 2109 603 2156 recte
642 2106 865 2171 quidem,
904 2107 992 2158 sed
1028 2107 1103 2157 ita
1142 2110 1455 2170 exaraverat,
1506 2109 1565 2157 ut
1602 2105 1801 2171 singula

95 2182 249 2234 verba
301 2182 643 2243 cohaererent,
697 2183 963 2232 continuae
1025 2182 1302 2246 scripturae
1362 2183 1633 2246 impatiens
1695 2179 1800 2228 suis

96 2257 289 2309 artibus
328 2256 546 2307 variavit
583 2271 639 2305 ac
676 2272 738 2304 ne
778 2256 848 2306 eis
895 2256 1095 2321 quidem
1134 2257 1257 2308 locis
1308 2274 1339 2307 a
1376 2272 1555 2308 rasura
1593 2269 1800 2304 manum

98 2332 357 2395 abstinuit,
393 2330 480 2380 ubi
519 2331 621 2379 iam
660 2331 772 2394 ipsa
808 2347 985 2382 manus
1023 2332 1188 2396 prima
1229 2334 1320 2382 aut
1355 2330 1577 2382 secunda
1613 2329 1799 2378 leniore

97 2407 338 2470 remedio,
382 2404 580 2456 lineolis
619 2403 879 2468 uncisque,
921 2406 1118 2457 litteras
1163 2406 1216 2456 in
1255 2405 1409 2457 verba
1446 2405 1798 2469 dispescuerat.

98 2480 185 2530 sed
222 2498 322 2532 non
361 2480 526 2532 solum
564 2494 646 2541 ea,
692 2495 820 2543 quae
858 2497 1017 2544 prava
1061 2496 1168 2532 esse
1206 2479 1302 2531 sibi
1339 2479 1680 2543 persuaserat,
1725 2479 1801 2528 ita

99 2556 326 2618 correxit,
355 2555 442 2607 sed
472 2555 625 2606 etiam
650 2549 1055 2618 compendiorum
1079 2553 1397 2605 avidissimus
1419 2552 1473 2602 in
1496 2568 1801 2618 unaquaque

99 2630 287 2694 pagina
309 2630 537 2697 singulas
553 2627 774 2693 syllabas
791 2643 1051 2694 vocesque,
1074 2628 1211 2679 haud
1233 2643 1348 2677 raro
1372 2627 1525 2677 etiam
1543 2628 1801 2692 complura

100 2702 253 2753 verba
300 2706 475 2767 erasit,
524 2702 719 2756 scilicet
765 2705 825 2752 ut
867 2704 920 2752 in
970 2703 1178 2754 lacunas
1217 2716 1419 2765 prorsus
1458 2700 1633 2752 eadem
1671 2719 1800 2767 quae

100 2780 342 2841 eraserat,
392 2780 480 2830 sed
531 2779 634 2831 alio
687 2777 859 2839 modo,
911 2776 1217 2841 compendiis
1269 2775 1506 2826 nimirum
1561 2776 1800 2827 adhibitis

100 2854 311 2917 scripta,
357 2853 623 2906 infulciret.
699 2853 830 2902 hunc
877 2854 1201 2901 correctorem
1253 2850 1349 2900 sibi
1386 2853 1660 2916 temperare
1701 2866 1800 2899 non
