2034 3086
41 873 83 906 10

337 62 422 109 AD
454 60 739 108 MARCIAM
768 60 851 104 DE
883 58 1351 105 CONSOLATIONE
1379 56 1507 102 CAP.
1534 61 1590 102 26
1710 57 1816 112 193

116 189 171 241 et
201 188 423 256 quotam
453 186 662 254 partem
691 181 911 236 luminis
941 180 1114 234 nostri
1145 178 1435 235 cernentia!
1491 177 1619 248 quid
1643 177 1817 231 dicam
1849 191 1876 230 4

114 260 266 315 nulla
314 259 403 314 hic
448 275 597 312 arma
645 256 846 311 mutuis
885 254 1060 309 furere
1099 253 1445 309 concursibus
1483 270 1583 306 nec
1621 251 1817 306 classes

116 334 375 390 classibus
423 332 605 404 frangi
651 348 751 385 nec
799 329 1084 400 parricidia
1133 331 1227 383 aut
1271 327 1406 399 fingi
1453 331 1546 381 aut
1593 325 1819 399 cogitari

114 427 213 464 nec
258 408 378 461 fora
420 406 607 461 litibus
653 408 887 475 strepere
934 404 1045 458 dies
1091 405 1402 473 perpetuos,
1446 401 1587 455 nihil
1629 401 1688 455 in
1727 399 1819 454 ob-

115 500 296 551 scuro,
356 481 591 536 detectas
651 482 856 534 mentes
918 482 972 533 et
1032 481 1217 549 aperta
1275 475 1588 548 praecordia
1648 478 1703 529 et
1761 474 1819 528 in

112 557 331 629 publico
393 554 678 626 medioque
737 554 903 607 vitam
966 556 1021 607 et
1074 551 1247 607 omnis
1301 551 1421 606 aevi
1473 552 1818 621 prospectum

113 629 585 702 venientiumque?
643 628 862 683 iuvabat
891 628 1051 682 unius
1083 646 1169 681 me
1199 626 1399 681 saeculi
1429 626 1573 680 facta
1603 642 1818 694 compo·
1851 639 1878 679 5

112 725 238 761 nere
275 706 335 760 in
370 708 524 777 parte
560 704 753 758 ultima
789 703 978 757 mundi
1009 706 1062 756 et
1091 703 1232 757 inter
1260 700 1615 772 paucissimos
1646 701 1820 772 gesta:

112 785 196 835 tot
234 781 471 850 saecula,
514 782 598 834 tot
636 778 892 832 aetatium
932 780 1264 845 contextum,
1305 776 1523 845 seriem,
1563 773 1820 845 quicquid

112 874 377 910 annorum
408 858 512 923 est,
546 853 674 908 licet
703 852 897 922 visere3
934 852 1061 906 licet
1092 854 1418 920 surrectura,
1454 850 1582 904 licet
1611 848 1821 903 ruitura

110 949 279 1002 regna
315 929 621 1000 prospicere
651 930 713 982 et
750 945 1068 999 magnarum
1107 925 1321 980 urbium
1355 925 1540 994 lapsus
1572 926 1627 978 et
1657 923 1820 976 maris

111 1022 283 1059 novos
321 1020 522 1057 cursus.
587 1020 714 1057 nam
753 1002 799 1056 si
837 1001 936 1055 tibi
974 1004 1156 1071 potest
1193 998 1392 1054 solacio
1433 1016 1548 1053 esse
1594 997 1820 1052 desideri
1852 1010 1878 1050 6

111 1079 193 1133 tui
232 1096 517 1132 commune
554 1077 749 1145 fatum,
787 1075 926 1129 nihil
964 1093 1071 1145 quo
1113 1077 1221 1128 stat
1256 1075 1378 1128 loco
1415 1073 1602 1143 stabit,
1641 1072 1822 1126 omnia

111 1156 317 1207 sternet
376 1152 711 1220 abducetque
768 1167 949 1204 secum
1006 1151 1259 1202 vetustas.
1353 1166 1454 1202 nec
1510 1147 1820 1201 hominibus

111 1227 289 1281 solum
328 1224 520 1298 (quota
554 1225 696 1280 enim
728 1224 832 1278 ista
861 1223 1114 1277 fortuitae
1146 1222 1419 1292 potentiae
1451 1221 1630 1291 portio
1664 1219 1820 1292 est?),

112 1301 204 1355 sed
253 1301 413 1370 locis,
462 1300 554 1354 sed
603 1299 939 1372 regionibus,
994 1297 1085 1351 sed
1133 1296 1320 1350 mundi
1365 1296 1608 1365 partibus
1654 1295 1817 1349 ludet.

110 1380 256 1430 totos
304 1375 604 1446 supprimet
640 1376 850 1438 montes
890 1377 944 1427 et
982 1372 1112 1426 alibi
1149 1389 1307 1442 rupes
1346 1371 1405 1424 in
1442 1371 1613 1424 altum
1651 1387 1820 1423 novas

111 1450 395 1519 exprimet3
432 1448 602 1502 maria
631 1448 892 1516 sorbebit,
923 1446 1148 1500 flumina
1177 1449 1382 1501 avertet
1413 1448 1467 1500 et
1498 1444 1820 1499 commercio

110 1524 352 1653 {antium
402 1527 563 1594 rupto
619 1522 929 1577 societatem
975 1521 1185 1592 generis
1226 1520 1451 1574 humani
1498 1522 1818 1587 coetumque

150 1599 161 1610 '
194 1599 392 1668 solvet3
437 1598 568 1653 alibi
612 1597 849 1651 hiatibus
888 1595 1053 1649 vastis
1093 1594 1355 1649 subducet
1392 1594 1577 1663 urbes,
1620 1596 1817 1646 tremo-

110 1673 260 1728 ribus
310 1673 517 1743 quatiet
567 1676 622 1726 et
670 1691 737 1726 ex
781 1671 969 1725 infimo
1016 1668 1350 1740 pestilentiae
1395 1667 1597 1722 halitus
1637 1667 1820 1721 mittet

110 1753 165 1802 et
209 1746 651 1802 inundationibus
698 1745 954 1816 quicquid
1000 1743 1274 1797 habitatur
1312 1742 1545 1797 obducet
1582 1741 1818 1796 necabit-

110 1840 214 1893 que
275 1839 433 1876 omne
493 1821 694 1875 animal
752 1820 879 1874 orbe
941 1819 1217 1872 submerso
1273 1821 1327 1872 et
1378 1817 1596 1890 ignibus
1650 1816 1818 1870 vastis

108 1896 337 1951 torrebit
365 1895 720 1966 incendetque
745 1893 1007 1949 mortalia.
1062 1896 1116 1948 et
1141 1911 1264 1947 cum
1287 1895 1502 1963 tempus
1528 1891 1820 1961 advenerit,

258 2042 291 2088 8
335 2042 535 2101 eogitari
577 2044 620 2088 A
667 2042 842 2100 agitari
882 2041 1020 2087 Gertz
1067 2041 1221 2098 (1889)
1266 2039 1284 2099 ΙΙ
1327 2038 1358 2085 6
1402 2044 1487 2086 aut
1530 2052 1632 2084 cum
1680 2037 1822 2083 Gertz

108 2101 199 2147 vid.
247 2102 535 2148 scribendum
588 2115 681 2148 cese
736 2101 888 2146 omnis
936 2100 1149 2156 <acti>
1202 2099 1306 2145 aevi
1355 2104 1439 2144 aut
1481 2111 1572 2155 pro
1624 2096 1817 2142 uenien-

107 2161 323 2219 tiumque
383 2161 621 2220 legendum
682 2174 787 2207 enom
840 2160 1127 2208 Cornelissen
1187 2158 1527 2214 scientiamque
1590 2155 1817 2214 (eminen-

108 2220 320 2278 tiamque
373 2221 659 2280 Petschenig)
722 2222 741 2279 ΙΙ
803 2219 833 2266 8
882 2219 1052 2264 ultima
1097 2219 1143 2264 A
1196 2222 1313 2264 reete
1364 2222 1419 2263 ut
1469 2216 1562 2262 vid.
1617 2216 1820 2276 minima⁴

112 2280 312 2339 Madviq
363 2280 414 2326 in
465 2279 702 2338 particula
754 2279 839 2325 illa
892 2278 1056 2323 mundi
1109 2276 1336 2324 Schultess
1386 2275 1405 2335 ΙΙ
1458 2274 1488 2321 9
1544 2277 1816 2321 contextum

109 2339 277 2385 seriem
319 2341 367 2386 A
418 2344 502 2386 aut
547 2339 786 2386 delendam
832 2352 924 2385 esse
969 2350 1119 2384 vocem
1172 2335 1339 2382 seriem
1392 2340 1478 2381 aut
1528 2335 1817 2382 scribendum

109 2401 376 2445 contextam
420 2398 587 2445 seriem
629 2403 777 2445 censet
816 2398 1016 2456 Madviq
1057 2409 1244 2454 mque
1282 2396 1428 2443 secuti
1464 2400 1573 2441 etmt
1605 2395 1738 2441 Koch
1775 2399 1819 2441 et

112 2457 277 2514 Geren
316 2471 396 2517 eqo
425 2472 457 2503 a
485 2472 556 2504 me
592 2459 836 2517 impetrare
873 2470 969 2503 non
997 2469 1210 2515 possum,
1244 2460 1298 2503 ut
1326 2455 1487 2502 tollam
1517 2454 1772 2514 asyndeton
1799 2454 1817 2514 ΙΙ

109 2517 169 2563 1⁰
207 2517 402 2575 <hic>
444 2517 558 2563 lieet
597 2517 747 2563 visere
790 2517 929 2564 Gertz
979 2518 1217 2571 <nunc>
1260 2516 1335 2562 tot
1377 2514 1568 2561 saecula
1619 2515 1672 2559 in
1713 2527 1754 2559 v.
1788 2517 1819 2559 9

119 2577 388 2636 Wesenberg
441 2578 448 2636 Ι
491 2575 550 2622 14
594 2590 753 2623 secum
798 2591 834 2624 ε.
864 2591 906 2623 v.
943 2576 1048 2623 add.
1084 2575 1190 2631 fort.
1224 2571 1295 2621 A'
1337 2575 1343 2635 Ι
1401 2574 1457 2621 17
1504 2575 1631 2620 totos
1678 2572 1816 2619 Gertz

110 2637 211 2682 toto
247 2636 317 2684 A¹
469 2636 618 2683 altem
654 2650 683 2682 o
718 2642 883 2694 postea
911 2650 1046 2682 erma
1083 2636 1156 2680 tot
1188 2634 1303 2741 voff.
1404 2649 1492 2692 sup
1527 2632 1667 2679 rimet
1690 2633 1741 2679 F
1764 2637 1820 2679 ut

112 2695 226 2755 0019.
259 2697 514 2755 supprimit
535 2697 581 2743 A
615 2696 622 2755 Ι
656 2695 706 2741 in
738 2695 887 2741 altum
918 2692 970 2742 F
1004 2694 1118 2754 inab
1307 2694 1326 2755 ΙΙ
1362 2694 1423 2742 20
1454 2708 1508 2739 su
1543 2693 1718 2739 ducent
1748 2691 1818 2738 A¹

114 2769 228 2802 corr.
263 2770 321 2803 ιιι.
355 2755 549 2815 2121
593 2754 777 2814 quatiet
822 2757 871 2800 et
916 2768 973 2800 ex
1008 2755 1060 2801 F
1099 2754 1257 2812 quatit
1301 2756 1351 2801 et
1393 2768 1450 2801 ex
1485 2753 1555 2800 A⁶
1601 2754 1640 2811 (t
1681 2753 1818 2798 etin

114 2816 292 2920 rmob't'.
327 2814 418 2920 Aeli
543 2815 693 2862 mittit
729 2815 775 2861 A
830 2828 945 2861 corr.
992 2815 1105 2874 volq.
1153 2828 1210 2861 ex
1255 2824 1285 2859 e·
1342 2814 1361 2874 ΙΙ
1423 2812 1484 2859 24
1529 2810 1729 2859 torrebit
1773 2812 1825 2857 F

114 2888 216 2921 orre
251 2889 268 2920 1

212 2964 407 3002 Βωω
428 2970 568 3001 orna
585 2964 616 2999 1.
634 2966 664 2999 1.
680 2964 738 2999 ed.
756 2965 967 2999 Hermes.
1406 2966 1460 3007 13
