2034 3086
788 45 1135 94 PRAEFATIO
1748 46 1814 93 XI

259 177 424 228 Huius
484 174 667 226 codicis
721 173 1044 225 Ambrosiani
1101 175 1210 224 tam
1260 172 1594 224 multifariam
1646 175 1814 224 vexati

112 254 308 306 variam
352 249 650 314 lectionem,
710 251 772 300 nt
830 248 1192 300 emendationis
1249 248 1582 299 certissimum
1634 248 1813 299 funda·

111 330 336 379 mentum
375 328 426 376 et
461 326 667 376 unicum
703 326 806 375 fere
844 324 1059 388 fontem,
1097 323 1244 374 Gertz
1278 324 1334 372 in
1364 323 1583 374 editione
1616 339 1710 374 sua
1739 324 1815 374 ita

111 401 374 469 proponit,
409 404 470 451 ut
506 401 721 467 singulis
757 400 905 462 locis,
943 400 1111 464 quoad
1148 400 1253 448 eius
1290 398 1401 448 fieri
1431 401 1654 464 poterat,
1692 399 1815 463 quid

111 477 276 543 prima
305 492 483 527 manus
520 475 824 541 scripsisset,
862 473 986 538 quid
1022 474 1320 539 posteriores
1359 476 1659 524 correctores
1698 473 1814 523 inde

113 552 411 616 effecissent,
470 567 667 602 summa
727 565 841 599 cnm
893 564 1014 599 cura
1068 549 1401 606 adnotaverit.
1464 565 1591 613 quae
1647 549 1816 599 omnia

111 629 333 691 repetere
365 627 430 677 ab
459 627 609 676 huius
641 624 872 675 ediffionis
903 623 1109 674 consilio
1141 625 1364 675 alienum
1397 626 1527 673 erat:
1564 625 1816 688 permulta

111 701 349 752 nimirum
383 701 450 751 ad
480 700 845 751 emendandum
876 697 1090 749 Senecae
1122 715 1399 750 sermonem
1436 698 1628 748 nullius
1665 699 1817 763 pretii

113 792 242 839 esse,
278 779 325 828 si
366 776 556 827 Gertzii
594 776 895 840 apparatum
931 775 1229 839 inspexeris,
1273 776 1382 839 ipse
1420 773 1680 823 iudicabiS.
1757 789 1816 823 ae

112 853 333 918 primum
394 851 596 917 quidem
655 849 900 900 minutias
961 849 1078 899 illas
1139 849 1553 916 orthographicas
1615 848 1816 899 silentio

111 928 429 992 praetermisi
475 929 567 976 ant
612 925 764 976 semel
808 940 1010 974 monere
1056 925 1180 975 satis
1226 925 1404 988 habui,
1450 923 1549 975 nisi
1588 923 1726 988 quod
1761 923 1816 972 in

110 1002 326 1070 dialogis
355 1002 383 1052 1
420 1004 473 1052 et
500 1001 577 1064 Π,
622 1003 682 1050 ut
727 1000 787 1049 de
831 1001 927 1050 hae
976 1015 1177 1063 quoque
1222 1016 1275 1049 re
1320 999 1493 1065 paullo
1533 1000 1815 1049 accurafius

109 1078 331 1129 indicare
375 1092 569 1141 posses,
614 1090 676 1125 ea
711 1090 812 1124 non
851 1074 1021 1124 omnia
1059 1074 1261 1123 exclusi.
1330 1090 1494 1138 neque
1533 1073 1721 1123 talibus
1759 1075 1818 1122 ut

109 1154 282 1204 inutili
320 1152 519 1203 sarcina
556 1151 855 1215 apparatum
894 1150 1102 1214 implere
1142 1148 1365 1199 animum
1400 1149 1598 1213 induxi,
1634 1150 1695 1198 ut
1732 1147 1818 1198 ad-

110 1231 361 1291 notarem,
406 1226 589 1293 quibns
627 1225 751 1275 locis
788 1225 919 1283 illut,
967 1229 1040 1283 at,
1089 1224 1263 1285 adqui,
1311 1226 1436 1286 quit,
1483 1240 1612 1290 quae
1654 1225 1818 1288 prima

109 1319 288 1354 manns
347 1303 639 1367 scripserat,
703 1300 920 1350 secunda
981 1301 1074 1350 aut
1135 1299 1381 1349 recentior
1428 1300 1483 1348 in
1530 1300 1677 1357 illud,
1734 1299 1815 1356 ad,

110 1380 269 1440 atqua,
308 1378 428 1439 qm'd
465 1375 758 1427 correxisset
795 1378 884 1424 aut
914 1374 1151 1436 qm‘czqwid
1187 1374 1241 1423 in
1280 1375 1529 1436 quicquid,
1568 1375 1726 1424 voltus
1762 1374 1817 1423 in

109 1453 288 1510 vuum,
329 1452 551 1514 adfectus
587 1451 642 1501 in
676 1452 879 1511 affectus
916 1451 1229 1501 mutavisset.
1292 1449 1469 1500 deinde
1501 1465 1562 1499 ea
1599 1450 1817 1514 praeter-

110 1527 184 1578 ire
239 1543 318 1577 me
374 1543 521 1592 posse
572 1525 825 1589 videbam,
883 1542 1012 1590 quae
1058 1526 1170 1590 ipsa
1218 1518 1291 1573 Αι
1345 1525 1722 1587 emendaverat,
1772 1525 1817 1573 si

112 1603 311 1667 quidem
343 1606 533 1653 certum
556 1603 680 1663 erat,
710 1616 821 1650 eam
852 1601 1014 1665 primo
1045 1599 1273 1665 paullum
1297 1599 1629 1650 declinantem
1654 1599 1817 1664 ipsam

110 1694 164 1729 se
211 1677 505 1741 correxisse,
552 1677 691 1727 velut
735 1693 783 1739 p.
812 1676 895 1739 28,
917 1678 984 1726 22
1032 1677 1216 1726 uictwm
1262 1690 1321 1724 ex
1365 1675 1550 1724 uictam
1598 1674 1666 1723 26
1708 1674 1817 1722 libi-

110 1754 275 1804 dinosi
327 1767 518 1803 amores
570 1768 630 1803 ex
684 1751 915 1801 libidinos
965 1764 1177 1809 amores,
1231 1750 1317 1812 51,
1338 1750 1406 1798 18
1456 1763 1705 1798 moros-mn
1758 1764 1816 1797 ex

109 1843 351 1892 mm,
401 1829 571 1891 77,21
616 1826 697 1875 ille
735 1842 794 1876 ex
838 1827 946 1889 illo,
995 1827 1130 1890 79,3
1172 1825 1510 1885 aequiorisque
1547 1839 1607 1873 ex
1645 1838 1818 1885 aequo·

109 1904 276 1965 risque
312 1897 509 1972 (littera
538 1904 558 1951 i
596 1917 635 1953 s.
659 1917 705 1951 v.
745 1900 942 1965 addita,
981 1900 1115 1966 quod
1153 1902 1330 1964 postea
1359 1892 1434 1949 A⁶
1470 1899 1546 1949 ita
1583 1899 1819 1961 mutavit,

111 1981 171 2027 nt
214 1978 398 2029 litteris
440 1969 671 2039 abusque
712 1975 866 2026 erasis
915 1978 1164 2038 uiorisque
1211 1974 1266 2024 in
1302 1990 1532 2025 rasuram
1570 1967 1819 2042 inferret),

115 2051 291 2115 93,14
331 2053 548 2103 caederet
585 2068 643 2102 ex
682 2051 914 2115 moderic,
958 2052 1129 2114 129‚8
1171 2050 1431 2100 latrocinia
1470 2066 1529 2099 ex
1564 2050 1819 2105 latrocina,

119 2127 293 2190 148‚6
325 2128 504 2178 honore
542 2143 603 2177 ex
639 2127 775 2184 hore,
817 2127 1020 2189 271,11
1059 2126 1174 2175 duci
1212 2128 1255 2174 te
1291 2126 1418 2175 iussi
1456 2141 1516 2175 ex
1553 2125 1686 2174 ducit
1716 2124 1821 2185 ejus

112 2203 181 2260 εἰ,
246 2202 419 2265 356,6
476 2201 720 2264 condzylio
781 2217 839 2250 ex
902 2201 1132 2264 cochylio,
1198 2200 1321 2262 360,
1340 2202 1408 2249 32
1465 2214 1709 2250 ausumwm
1761 2213 1820 2247 ex

116 2291 325 2328 usuum·
371 2278 503 2340 sim.,
553 2291 643 2327 nec
689 2275 791 2325 scio
838 2292 903 2325 an
949 2276 1097 2341 plura
1143 2274 1250 2326 eius
1298 2276 1494 2341 generis
1542 2271 1821 2323 omittenda

118 2353 316 2402 fuerint„
374 2368 474 2402 non
514 2353 681 2401 minus
721 2350 784 2399 ab
816 2350 1141 2401 adnotatione
1172 2366 1232 2400 ea
1262 2349 1472 2410 exclusi,
1518 2364 1649 2412 quae
1687 2349 1820 2397 recte

117 2426 318 2490 quidem
364 2429 554 2492 scripta
598 2426 774 2489 postea
818 2426 950 2475 male
997 2427 1220 2475 correcta
1264 2427 1404 2487 sunt,
1452 2423 1594 2473 velut
1638 2423 1821 2471 wmem's

116 2500 169 2550 in
199 2502 430 2564 humeris,
469 2500 679 2564 epistula
708 2499 761 2549 in
793 2500 1009 2563 epistola,
1049 2500 1289 2550 damnum
1318 2499 1370 2548 in
1403 2498 1690 2560 dampnmn,
1721 2512 1820 2547 acc.

116 2576 408 2626 ivnmortalis
430 2577 483 2626 in
507 2575 825 2633 immorientes,
865 2575 1109 2625 servolum
1137 2576 1191 2624 in
1222 2574 1492 2630 servulum,
1526 2572 1820 2621 thensaurus

117 2650 171 2699 in
203 2649 483 2714 Maurus,
513 2649 797 2716 formonsus
827 2651 880 2700 in
910 2651 1157 2712 formosus
1188 2649 1374 2699 similia
1403 2647 1579 2697 multa.
1631 2647 1817 2697 Eorum

119 2739 261 2787 vere,
307 2741 437 2789 quae
490 2717 564 2774 :1⁶
615 2725 834 2774 mutavit
885 2727 977 2774 aut
1028 2723 1197 2788 potins
1252 2723 1497 2786 corrupit,
1551 2723 1820 2771 maximam

119 2801 314 2863 partem
361 2798 670 2850 abiciendam
718 2799 870 2850 fuisse
917 2799 997 2849 vel
1043 2815 1102 2847 ex
1149 2798 1219 2848 eis
1260 2796 1545 2863 apparebit,
1593 2811 1721 2861 quae
1761 2795 1820 2844 de

120 2873 267 2924 buius
316 2890 495 2924 manus
545 2889 693 2937 opera
746 2890 899 2938 snpra
949 2873 1125 2936 attuli,
1179 2888 1269 2923 nec
1324 2887 1625 2936 quemquam
1676 2885 1820 2934 spero
