2034 3086
206 57 311 110 100
532 53 581 98 L.
608 52 845 97 ANNAEI
876 51 1150 98 SENECAE
1181 52 1339 98 DIAL.
1365 53 1476 98 LIB.
1502 53 1579 98 IV.

203 175 399 243 131303,
453 173 579 242 quia
630 175 744 243 pati
796 192 909 227 non
958 173 1263 243 debuerint,
1309 174 1594 244 quaedam,
1633 174 1759 244 quia
1795 167 1907 230 non

205 248 557 319 speraverint:
624 249 846 320 indigna
908 251 1162 318 putamus
1224 266 1362 318 quae
1421 249 1699 319 inopinata
1758 253 1907 320 sunt·

205 324 386 392 itaque
424 322 655 376 maxime
693 326 1057 392 commovent,
1096 341 1232 393 quae
1268 325 1454 376 contra
1484 341 1634 407 spem
1665 327 1907 394 expecta—

205 398 516 482 tionemque
554 400 867 481 evenerunt,
898 415 998 451 nec
1028 397 1174 451 aliud
1206 399 1287 451 est
1319 414 1482 466 quare
1513 398 1570 451 in
1600 398 1906 452 domesticis

206 471 443 525 minima.
475 471 769 541 offendant,
820 471 877 524 in
922 472 1106 526 amicis
1153 471 1404 525 131311313
1441 483 1692 527 vocemus
1730 474 1908 545 negle-
1962 492 1982 526 5

207 546 458 632 gentiam
536 546 834 617 quomodo
878 546 1033 618 ergo’
1072 546 1304 617 inquit‘
1313 546 1654 601 inimicorum
1692 566 1792 602 nos
1830 548 1908 602 in-

207 621 374 676 iuriae
412 620 694 676 movent‘P'
757 620 883 690 quia
919 639 1030 675 non
1061 622 1459 692 expectavimus
1491 621 1611 675 illas
1642 626 1735 677 aut
1766 626 1908 678 certe

206 715 317 751 non
354 699 546 751 tantas.
615 696 720 750 hoc
759 695 927 750 efficit
965 715 1116 750 amor
1152 696 1325 750 nostri
1362 696 1584 750 nimius:
1622 697 1907 752 inviolatos

206 789 306 825 nos
357 772 519 825 etiam
566 770 818 824 inimicis·
846 770 1143 825 iudicamus
1182 789 1296 824 esse
1337 771 1549 841 debere,
1586 772 1727 843 regis
1767 773 1910 843 quis-

209 864 311 915 que
342 846 485 899 intra
517 862 573 898 se
604 845 843 899 animum
874 845 1057 916 habet,
1088 850 1151 899 ut
1180 845 1452 899 licentiam
1484 845 1588 899 sibi
1619 846 1735 899 dari
1763 847 1911 916 velit,
1941 866 1984 899 10

209 921 265 973 in
304 938 360 974 se
398 919 549 973 nolit.
626 919 809 989 itaque
856 938 954 973 nos
1002 924 1096 974 aut
1134 920 1420 974 insolentia
1458 920 1742 975 iracundos
1779 921 1911 976 facit

208 997 302 1048 aut
331 994 636 1065 ignorantia
665 1012 867 1048 rerum:
900 994 1027 1064 quid
1059 995 1203 1049 enim
1235 994 1431 1048 mirum
1463 998 1544 1050 est
1575 995 1745 1049 malos
1769 996 1911 1049 mala

207 1068 449 1123 facinora
487 1069 677 1123 edere?
738 1068 868 1138 quid
905 1070 1033 1123 novi
1072 1073 1176 1139 est,
1215 1069 1260 1122 si
1290 1069 1538 1124 inimicus
1570 1073 1752 1139 nocet,
1782 1069 1911 1123 ami·

207 1161 302 1197 cus
343 1143 586 1212 offendit,
618 1143 763 1197 filius
794 1142 1016 1213 labitur,
1048 1161 1231 1198 servus
1263 1143 1484 1213 peccat?
1543 1144 1909 1214 turpissimam

207 1217 387 1271 aiebat
444 1215 642 1272 Fabius
707 1218 1019 1287 imperatori
1051 1255 1053 1258 s
1087 1218 1486 1272 excusationem
1556 1236 1692 1273 esse:
1776 1218 1912 1272 ‘non
1941 1236 1984 1270 15

208 1292 397 1362 putavi
408 1291 436 1361 ⁹,
488 1310 588 1363 ego
638 1291 1006 1362 turpissimam
1056 1293 1264 1347 homini
1312 1296 1469 1362 puto·
1540 1294 1720 1348 omnia
1764 1296 1909 1364 puta,

209 1369 454 1437 expecta:
494 1367 654 1421 etiam
693 1367 752 1420 in
790 1366 945 1420 bonis
985 1369 1224 1422 moribus
1262 1367 1466 1438 aliquid
1505 1368 1725 1423 exsistet
1762 1386 1911 1439 aspe-

208 1442 335 1495 rius.
410 1442 517 1495 fert
564 1443 801 1495 humana
849 1444 1040 1496 natura
1088 1442 1373 1497 insidiosos
1421 1441 1653 1512 animos,
1690 1443 1795 1497 fert
1833 1443 1911 1496 in-

209 1519 413 1587 313103,
453 1516 558 1570 fert
597 1517 844 1587 cupidos,
880 1515 985 1570 fert
1021 1517 1231 1588 impios.
1295 1536 1418 1572 cum
1458 1516 1523 1570 de
1561 1518 1720 1571 unius
1751 1518 1911 1571 mori-

208 1592 309 1644 bus
341 1591 616 1661 iudicabis,
647 1591 711 1645 de
742 1590 973 1661 publicis
1006 1593 1196 1664 cogita.
1252 1593 1346 1646 ubi
1375 1592 1607 1646 maxime
1639 1592 1912 1664 gaudebis,
1943 1609 1986 1642 πο

209 1665 442 1718 maxime
495 1669 715 1720 metues.
792 1664 887 1719 ubi
935 1667 1227 1737 tranquilla
1274 1667 1374 1721 tibi
1421 1665 1603 1721 omnia
1646 1666 1909 1734 videntur,

211 1739 286 1792 ibi
316 1740 562 1794 nocitura
590 1759 702 1795 non
733 1740 928 1794 desunt
958 1741 1050 1794 sed
1081 1741 1383 1811 quiescunt.
1435 1759 1645 1811 semper
1665 1740 1910 1794 futurum

209 1813 415 1884 aliquid
466 1815 610 1883 quod
658 1818 713 1869 te
764 1814 999 1868 offendat
1049 1816 1307 1870 existima.
1385 1816 1711 1887 gubernator
1757 1833 1911 1868 num-

211 1907 374 1958 quam
412 1888 489 1942 ita
519 1892 663 1943 totos
696 1890 844 1943 sinus
877 1906 1092 1944 securus
1122 1890 1402 1962 explicuit,
1433 1894 1497 1944 ut
1524 1908 1637 1944 non
1667 1890 1910 1960 expedite

212 1964 279 2017 ad
334 1963 755 2017 contrahendum
809 1967 1139 2018 armamenta
1191 1965 1510 2035 disponeret.
1598 1964 1734 2017 illud
1787 1967 1910 2019 ante
1942 1981 1985 2014 25

212 2038 394 2092 omnia
425 2037 627 2109 cogita,
655 2037 868 2092 foedam
901 2056 1015 2092 esse
1047 2042 1100 2092 et
1131 2039 1510 2094 exsecrabilem
1542 2038 1652 2092 vim
1683 2039 1911 2093 nocendi

210 2116 266 2166 et
319 2111 700 2166 alienissimam
748 2112 979 2182 homini,
1033 2114 1182 2168 cuius
1231 2113 1491 2168 beneficio
1543 2113 1704 2167 etiam
1755 2131 1912 2168 saeva

212 2188 607 2241 mansuescunt.
661 2187 839 2256 aspice
871 2188 1278 2256 elephantorum
1308 2188 1436 2259 iugo
1465 2188 1604 2242 colla
1627 2189 1912 2242 summissa

209 2265 267 2314 et
319 2265 598 2315 taurorum
646 2261 826 2330 pueris
876 2261 1076 2331 pariter
1125 2282 1187 2317 ac
1235 2262 1450 2316 feminis
1488 2262 1909 2332 persultantibus

209 2338 366 2407 terga
401 2337 621 2406 impune
660 2335 864 2389 calcata
902 2339 955 2388 et
991 2338 1226 2406 repentis
1261 2338 1402 2391 inter
1429 2337 1626 2406 pocula
1655 2337 1910 2404 sinusque
1940 2350 1984 2384 ³0

213 2409 433 2464 innoxio
456 2412 614 2480 lapsu
638 2409 893 2464 dracones
918 2414 972 2463 et
993 2411 1134 2466 intra
1157 2412 1377 2466 domum
1401 2429 1648 2465 ursorum
1671 2412 1910 2465 leonum-

364 2570 420 2615 11
452 2571 583 2616 nolit.
623 2573 627 2631 1
661 2573 759 2618 Aut
788 2571 1094 2642 ignorantias]
1119 2574 1250 2630 (eras.
1277 2575 1519 2631 punctum)
1554 2574 1678 2630 itaq,
1710 2585 1795 2616 nos
1827 2574 1910 2616 aut

214 2630 468 2676 insolentia
498 2630 748 2677 iracundos
779 2631 910 2677 facit.
957 2631 1227 2690 ignorantia
1257 2647 1412 2679 rerum
1436 2634 1482 2678 A
1495 2634 1539 2679 L
1564 2639 1620 2679 ut
1639 2631 1771 2690 volq„
1794 2645 1907 2678 corr.

215 2691 355 2737 Gertz
376 2690 393 2751 Η
413 2690 471 2735 21
496 2692 676 2737 metues
692 2694 739 2738 A
761 2694 919 2737 metue
937 2691 1073 2737 Gertz
1094 2692 1111 2752 Η
1132 2692 1191 2739 28
1208 2692 1591 2751 elephantorum.
1642 2692 1909 2736 ‚taurorum

214 2751 262 2795 A
275 2752 318 2796 L
348 2757 401 2796 ut
430 2751 544 2809 voly.
570 2752 762 2808 (confert
794 2752 930 2798 Gertz
953 2751 1077 2797 Ptin.
1102 2758 1198 2799 nat.
1221 2754 1324 2799 hist.
1351 2754 1481 2799 VIII
1495 2756 1543 2810 2,
1558 2756 1588 2797 4
1612 2727 1671 2797 ‘et
1693 2751 1906 2797 Martial.

225 2809 270 2853 V
293 2813 369 2868 31)
400 2812 643 2854 taurorum
676 2845 685 2855 .
712 2845 722 2856 .
749 2846 759 2855 .
792 2811 1149 2869 elephantorum
1173 2813 1334 2858 Haase
1362 2812 1380 2872 Η
1407 2811 1468 2858 30
1493 2788 1688 2868 poculas
1714 2810 1762 2870 Ι
1748 2825 1906 2868 musq3

217 2867 286 2912 4¹
316 2883 429 2916 corr.
455 2868 526 2915 A²
555 2875 599 2916 et
619 2870 689 2915 A⁵
721 2870 842 2915 colla
874 2871 1095 2927 sinusque
1118 2872 1316 2930 Bentley
