2028 3106
209 71 318 124 336
537 69 586 115 L.
612 69 850 114 ANNAEI
881 68 1155 114 SENECAE
1187 69 1346 115 DIAL.
1370 71 1482 117 LIB.
1507 71 1585 117 XI.

207 190 382 262 lugeri
431 191 595 245 vellet
644 209 713 244 an
759 191 865 244 coli
913 209 1174 261 sororem,
1227 191 1415 245 eodem
1463 193 1611 246 omni
1655 197 1914 265 tempore,

210 283 316 335 quo
371 266 577 336 templa
630 265 712 319 illi
765 266 1130 320 constituebat
1183 283 1246 320 ac
1299 266 1624 336 pulvinaria,
1679 286 1769 322 eos
1822 270 1914 339 qui

206 359 398 410 parum
438 339 630 394 maesti
667 340 903 409 fuerant,
950 340 1320 395 crudelissima
1357 341 1642 395 adficiebat
1680 342 1914 397 animad-

207 415 476 484 versione3
537 414 722 468 eadem
784 414 927 468 enim
986 415 1301 485 intemperie
1355 416 1523 469 animi
1576 416 1915 471 adversarum

206 508 387 543 rerum
440 489 580 544 ictus
634 489 862 558 ferebat,
926 507 1031 558 qua
1084 490 1439 545 secundarum
1494 491 1666 544 elatus
1721 495 1915 546 eventu

209 582 372 635 super
422 563 719 618 humanum
772 565 1166 620 intumescebat
1218 565 1455 619 modum.
1531 567 1725 636 procul
1770 566 1915 620 istud

208 639 515 708 exemplum
554 639 622 693 ab
655 639 803 693 omni
834 637 1080 693 Romano
1114 640 1184 694 sit
1214 641 1355 707 viro,
1393 641 1602 695 luctum
1635 659 1792 694 suum
1824 645 1917 695 aut

207 714 602 784 intempestivis
641 732 892 768 sevocare
921 713 1130 769 lusibus
1161 718 1256 768 aut
1287 715 1526 770 sordium
1556 733 1620 770 ac
1651 715 1916 786 squaloris

206 788 465 843 foeditate
514 789 734 843 inritare
785 791 880 842 aut
929 789 1116 843 alienis
1167 789 1323 844 malis
1374 790 1645 845 oblectare
1695 790 1917 844 minime

206 863 444 918 humano
484 864 702 919 solaci0.

358 967 555 1023 XVIII.
609 968 734 1023 Tibi
764 986 892 1022 vero
924 968 1063 1023 nihil
1093 987 1160 1023 ex
1190 970 1577 1024 consuetudine
1600 970 1918 1024 mutandum

208 1047 291 1099 est
334 1047 453 1113 tua,
499 1044 756 1114 quoniam
804 1042 1022 1113 quidem
1067 1063 1130 1098 ea
1174 1043 1460 1098 instituisti
1506 1063 1685 1099 amare
1724 1045 1918 1115 studia,

210 1137 344 1189 quae
391 1122 446 1174 et
493 1119 697 1190 optime
742 1117 1056 1173 felicitatem
1103 1119 1373 1174 extollunt
1418 1122 1473 1173 et
1516 1120 1773 1174 facillime
1819 1120 1917 1174 mi·

206 1198 384 1248 nuunt
444 1194 806 1249 calamitatem
860 1193 1152 1263 eademque
1206 1197 1261 1248 et
1315 1198 1630 1249 ornamenta
1684 1195 1918 1249 maxima

206 1269 416 1323 homini
463 1272 591 1323 sunt
636 1272 690 1323 et
736 1268 949 1323 solacia.
1027 1268 1163 1339 [37]
1209 1286 1355 1323 nunc
1402 1269 1586 1339 itaque
1631 1272 1685 1324 te
1725 1270 1916 1324 studiis

206 1344 316 1397 tuis
366 1343 606 1416 inmerge
657 1344 845 1413 altius,
896 1361 1041 1398 nunc
1090 1343 1185 1398 illa
1233 1343 1336 1398 tibi
1384 1345 1535 1397 velut
1584 1344 1919 1398 munimenta

208 1418 375 1472 animi
425 1418 720 1488 circumda,
769 1437 838 1473 ne
889 1436 956 1471 ex
1003 1417 1116 1472 ulla
1161 1419 1243 1472 tui
1282 1421 1435 1488 parte
1474 1418 1716 1472 inveniat
1753 1418 1919 1472 intro-

208 1493 346 1547 itum
387 1493 554 1547 dolor
631 1493 813 1547 fratris
854 1511 1070 1563 quoque
1107 1493 1190 1547 tui
1229 1492 1436 1563 produc
1474 1493 1792 1547 memoriam
1825 1493 1918 1547 ali-

210 1587 318 1639 quo
367 1568 691 1639 scriptorum
738 1569 1072 1622 monimento
1118 1571 1361 1654 tuorum3
1405 1567 1512 1623 hoc
1557 1568 1701 1623 enim
1748 1587 1917 1621 unum

210 1646 292 1698 est
322 1644 382 1697 in
412 1644 573 1698 rebus
604 1643 855 1697 humanis
889 1660 1050 1714 opus,
1087 1644 1175 1697 cui
1205 1644 1357 1698 nulla
1386 1646 1679 1714 tempestas
1710 1646 1918 1713 noceat,

210 1718 354 1789 quod
400 1719 552 1773 nulla
590 1721 874 1773 consumat
911 1720 1167 1772 vetustas.
1243 1722 1443 1788 cetera,
1482 1737 1619 1789 quae
1657 1737 1754 1789 per
1792 1736 1917 1773 con-

209 1793 562 1848 structionem
599 1794 843 1864 lapidum
883 1796 938 1847 et
976 1811 1300 1848 marmoreas
1340 1794 1510 1848 moles
1550 1797 1645 1847 aut
1674 1797 1916 1847 terrenos

209 1870 447 1922 tumulos
487 1869 544 1922 in
582 1887 834 1940 magnam
875 1868 1096 1922 eductos
1129 1867 1468 1923 altitudinem
1499 1871 1769 1938 constant,
1806 1886 1919 1922 non

209 1947 515 2015 propagant
550 1944 771 2016 longam
811 1943 976 2013 diem,
1015 1943 1215 2014 quippe
1254 1946 1309 1997 et
1345 1943 1464 2014 ipsa
1501 1943 1794 1998 intereunt:
1840 1942 1918 1996 in-

209 2019 454 2072 mortalis
501 2022 583 2073 est
627 2018 811 2091 ingeni
857 2018 1129 2073 memoria.
1205 2018 1347 2073 hanc
1391 2022 1453 2072 tu
1490 2018 1644 2072 fratri
1682 2020 1778 2072 tuo
1816 2018 1918 2071 lar-

211 2094 348 2165 gire,
409 2093 466 2147 in
525 2093 628 2148 hac
690 2112 813 2148 eum
877 2094 1122 2164 conloca3
1190 2093 1381 2148 melius
1442 2093 1598 2147 illum
1660 2092 1916 2146 duraturo

363 2301 388 2346 7
421 2300 482 2346 ab
515 2301 643 2346 omni
673 2315 866 2346 romano
898 2302 961 2346 sit
989 2301 1093 2347 uiro
1117 2303 1220 2347 AV
1243 2302 1315 2346 est
1347 2300 1407 2346 ab
1440 2300 1568 2345 omni
1594 2313 1787 2345 romano
1814 2299 1917 2344 uiro

210 2361 411 2407 DEHG
459 2360 520 2406 ab
563 2362 692 2406 omni
732 2361 970 2407 mundano
1012 2361 1116 2406 uiro
1151 2362 1199 2406 B
1242 2361 1338 2420 (sed
1379 2373 1573 2405 romano
1620 2361 1672 2405 in
1710 2361 1870 2418 mary.)
1900 2358 1917 2419 ΙΙ

210 2420 239 2466 8
281 2435 498 2467 sevocare
542 2421 681 2467 Gertz
727 2435 924 2467 euocare
965 2427 1020 2467 ut
1059 2422 1150 2467 vid.
1188 2421 1234 2466 A
1281 2422 1437 2479 (certe
1478 2434 1577 2465 una
1615 2420 1769 2466 littera
1810 2424 1918 2464 ante

209 2495 381 2527 uocare
411 2482 529 2537 fuit,
566 2495 706 2539 eaque
735 2495 831 2527 non
862 2494 890 2525 a
919 2482 1014 2537 fuit
1042 2482 1122 2527 sed
1149 2482 1305 2538 potius
1336 2481 1401 2538 e’)
1442 2492 1642 2525 auocare
1673 2480 1770 2524 ΕΒ
1800 2494 1858 2524 m.
1885 2482 1918 2524 2

209 2554 381 2586 uocare
414 2542 453 2588 Ο
483 2542 569 2600 fug
570 2554 650 2586 are
675 2541 882 2600 Haase!
934 2541 993 2586 13
1032 2543 1080 2587 et
1111 2555 1171 2599 op
1173 2541 1289 2586 time
1313 2542 1475 2586 eret
1503 2539 1679 2610 optime
1712 2541 1760 2584 et
1781 2539 1873 2585 AO
1901 2538 1918 2598 ΙΙ

211 2600 271 2645 15
301 2601 482 2646 homini
505 2557 569 2647 A
582 2601 826 2646 hominum
935 2555 1171 2647 hominisp
1176 2601 1313 2670 Gertz:
1353 2600 1371 2660 ΙΙ
1410 2599 1470 2645 16
1507 2601 1733 2658 immerge
1772 2598 1917 2644 altius

211 2662 473 2707 Pincianus
527 2662 791 2720 inmergere
845 2662 998 2707 acrius
1036 2661 1244 2707 AHDE
1294 2660 1572 2718 immergere
1619 2659 1767 2704 atrius
1813 2659 1860 2704 B
1901 2658 1918 2717 ΙΙ

211 2720 272 2766 20
316 2721 368 2766 in
410 2722 516 2768 add.
554 2723 822 2780 Wesenberg]
867 2737 924 2768 ex
962 2722 1162 2780 Madviy
1206 2722 1222 2781 ΙΙ
1266 2720 1324 2766 21
1373 2720 1741 2782 constructiones
1783 2718 1919 2765 malit

216 2781 354 2827 Gertz
389 2782 406 2842 Η
442 2781 502 2826 23
533 2781 786 2827 altitudine
808 2783 856 2828 A
896 2782 913 2842 ΙΙ
953 2781 1014 2827 24
1042 2782 1282 2827 intereunt
1304 2781 1396 2827 AO
1434 2777 1517 2827 uec
1555 2786 1622 2826 est
1658 2794 1742 2826 cur
1771 2779 1916 2823 inter-

213 2842 377 2887 euntia
421 2843 695 2897 scribamus,
734 2847 786 2887 ut
826 2842 1054 2888 Schultess
1083 2842 1285 2897 volebat;
1326 2841 1410 2897 cfr.
1436 2855 1508 2898 qu.
1534 2855 1580 2886 n.
1616 2841 1709 2885 ΙΙΙ
1733 2842 1809 2895 27,
1835 2840 1919 2893 12,·

212 2905 286 2958 29,
309 2905 340 2948 8
370 2916 436 2960 εΡ.
464 2905 565 2959 115,
588 2905 619 2947 8
650 2903 892 2960 (Reinecke
921 2904 974 2947 in
1003 2902 1111 2948 diss.
1139 2876 1343 2948 Mondst.
1372 2904 1489 2947 1900
1512 2914 1563 2958 Ρ.
1589 2902 1660 2958 18)

1951 885 1993 917 10

1950 1287 1992 1322 15

1950 1661 1994 1694 20

1950 2034 1992 2068 25
