2028 3106
197 71 308 125 210
519 68 570 115 L.
596 67 833 112 ANNAEI
863 65 1137 112 SENECAE
1168 66 1327 112 DlAL.
1351 67 1463 113 LIB.
1487 67 1587 114 VH.

195 189 424 243 virilitas
472 193 620 243 salva
665 193 765 257 est,
810 187 949 240 nulli
995 205 1189 257 corpus
1235 199 1391 242 tuum
1428 189 1577 258 turpi
1614 189 1899 259 patientiae

197 266 375 333 vacat,
437 263 528 318 sed
577 264 635 316 in
694 281 857 315 manu
912 265 1232 347 tympanum
1294 266 1389 317 est.
1475 263 1667 317 titulus
1720 265 1900 333 itaque

197 338 456 392 honestus
502 337 732 408 eligatur
777 339 830 390 et
880 336 1158 405 inscriptio
1206 337 1325 406 ipsa
1363 337 1599 391 excitans
1639 339 1900 407 animum3

198 429 330 482 quae
382 417 508 486 stat,
559 412 762 478 corpori
817 411 1069 465 adulatur
1116 411 1476 480 invitavitque,
1534 428 1669 480 quae
1720 413 1901 467 statim

194 483 458 541 ‘venerunt
509 486 654 539 vitia.
740 485 983 570 quisquis
1034 485 1101 538 ad
1149 486 1404 539 virtutem
1456 486 1702 555 accessit,
1758 487 1903 540 dedit

90 584 129 612 ar·
199 579 485 633 generosae
538 560 736 614 indolis
785 561 1075 629 specimen,
1129 559 1222 628 qui
1266 560 1600 645 voluptatem
1647 561 1902 630 sequitur,

128 655 131 657 ·
197 635 409 689 videtur
439 635 670 702 enerviS,
708 634 931 704 fractus,
972 634 1296 704 degenerans
1320 634 1360 703 †
1382 635 1522 704 vir0,
1553 637 1903 704 perventurus

198 710 255 762 in
307 712 512 779 turpia,
564 709 671 763 nisi
725 709 919 777 aliquis
974 707 1278 762 distinxerit
1330 709 1412 761 illi
1465 709 1789 780 voluptates,
1843 713 1905 762 ut

199 783 355 853 sciat,
408 801 543 853 quae
591 802 657 837 ex
694 783 770 836 eis
810 783 952 836 intra
987 783 1232 836 naturale
1271 783 1594 838 desiderium
1634 784 1906 853 desistant,

199 876 335 927 quae
374 875 628 928 praeceps
668 857 910 911 ferantur
948 857 1295 927 infinitaeque
1335 858 1442 912 sint
1477 861 1553 928 et,
1593 876 1700 928 quo
1732 858 1903 930 magis

198 933 513 1002 implentur,
553 950 616 986 eo
656 932 830 1003 magis
862 932 1233 1002 inexplebiles:
1273 932 1523 1004 agedum,
1561 933 1731 987 virtus
1764 936 1906 987 ante-

199 1007 376 1076 cedat,
425 1009 605 1060 tutum
652 1007 755 1060 erit
794 1024 951 1060 omne
989 1007 1293 1078 vestigium.
1371 1010 1424 1061 et
1460 1007 1712 1077 voluptas
1749 1011 1907 1062 nocet

197 1083 391 1136 nimia:
439 1082 497 1134 in
542 1082 742 1135 virtute
779 1099 891 1135 non
928 1084 1010 1136 est
1047 1081 1359 1152 verendum,
1404 1100 1472 1136 ne
1511 1082 1642 1151 quid
1677 1082 1906 1136 nimium

18 1221 24 1229 ν
125 1173 153 1213 11
199 1157 290 1226 sit,
347 1157 474 1226 quia
531 1157 588 1209 in
634 1157 747 1226 ipsa
805 1159 887 1211 est
933 1156 1148 1226 modus;
1199 1174 1314 1210 non
1357 1159 1439 1211 est
1482 1157 1711 1227 bonum,
1764 1157 1908 1227 quod

21 1229 48 1233 ”
105 1250 107 1253 ·
147 1228 149 1231 ’
198 1230 568 1302 magnitudine
627 1231 840 1284 laborat
903 1249 1000 1284 sua
1104 1230 1424 1285 rationalem
1484 1249 1646 1301 porro
1702 1233 1907 1286 sortitis

199 1309 447 1374 naturam
495 1323 630 1374 quae
676 1305 869 1359 melius
915 1323 999 1359 res
1047 1323 1209 1375 quam
1247 1306 1386 1359 ratio
1425 1305 1781 1375 proponitur?
1857 1310 1909 1359 et

200 1381 246 1434 si
283 1381 460 1449 placet
497 1379 602 1433 ista
639 1380 911 1448 iunctura,
950 1380 997 1433 si
1034 1380 1140 1434 hoc
1176 1379 1356 1450 placet
1394 1379 1461 1433 ad
1499 1379 1710 1434 beatam
1740 1380 1909 1434 vitam

199 1455 276 1508 ire
326 1454 609 1524 comitatu,
660 1455 831 1508 virtus
878 1454 1179 1524 antecedat,
1228 1455 1515 1508 comitetur
1559 1456 1808 1525 voluptas
1855 1458 1909 1508 et

199 1529 341 1584 circa
379 1547 574 1599 corpus
612 1532 675 1582 ut
712 1529 903 1582 umbra
940 1532 1202 1583 versetur:
1249 1529 1504 1583 virtutem
1545 1529 1785 1599 quidem,
1822 1548 1909 1583 ex-

200 1603 550 1659 celsissimam
589 1603 885 1673 dominam,
925 1604 1194 1674 voluptati
1231 1603 1440 1658 tradere
1478 1604 1730 1659 ancillam
1768 1603 1910 1658 nihil

200 1694 457 1750 magnum
497 1678 677 1732 animo
717 1678 976 1748 capientis
1016 1681 1110 1732 est.

349 1751 494 1806 XIV.
555 1752 738 1806 Prima
784 1753 954 1807 virtus
1007 1756 1116 1822 eat,
1164 1753 1297 1808 haec
1342 1753 1478 1807 ferat
1526 1754 1701 1825 signa.
1750 1753 1910 1807 habe-

83 1851 106 1892 3·
200 1829 378 1882 bimus
427 1827 599 1881 nihilo
651 1828 828 1882 minus
882 1828 1238 1897 voluptatem,
1289 1828 1381 1882 sed
1434 1828 1639 1881 domini
1689 1827 1803 1882 eius
1858 1831 1910 1881 et

200 1905 582 1973 temperatores
622 1903 845 1971 erimus3
884 1902 1089 1971 aliquid
1126 1920 1225 1956 nos
1265 1902 1532 1972 exorabit,
1569 1902 1708 1955 nihil
1739 1905 1910 1974 coget.

203 1979 258 2030 at
290 1978 360 2046 ei,
400 1977 494 2046 qui
523 1977 794 2046 voluptati
815 1977 1080 2030 tradidere
1104 1977 1389 2047 principia,
1420 1980 1650 2047 utroque
1675 1994 1910 2046 caruere3

204 2051 459 2105 virtutem
498 2052 642 2104 enim
681 2051 963 2121 amittunt,
1001 2053 1237 2105 ceterum
1274 2070 1387 2105 non
1424 2052 1530 2122 ipsi
1561 2051 1909 2122 voluptatem,

354 2198 378 2244 7
411 2198 548 2256 Epic.
573 2198 635 2254 fr.
658 2200 749 2244 455
783 2199 857 2244 (Is.
887 2197 904 2258 ΙΙ
934 2197 993 2243 19
1024 2198 1158 2256 Epic
1188 2198 1249 2254 fr.
1281 2202 1370 2243 514
1404 2198 1476 2244 Us.

355 2287 386 2332 4
416 2300 538 2344 quae
569 2291 733 2332 statim
761 2289 994 2333 uenerunt
1023 2287 1148 2332 uitia
1175 2289 1219 2332 A
1257 2288 1534 2344 scripturam
1563 2302 1775 2334 mancam
1805 2302 1910 2345 sup-

201 2348 347 2404 plevit
376 2348 685 2393 Reitzenstein
723 2360 847 2403 quae
885 2348 982 2392 stat
1024 2348 1174 2405 (extat
1204 2348 1349 2392 Hertz
1379 2353 1423 2392 et
1452 2348 1798 2405 Reitzenstein),
1842 2347 1912 2392 in-

209 2408 434 2451 venerunt
462 2406 581 2451 vitia
606 2407 807 2465 Madviy
837 2420 959 2464 quae
991 2408 1109 2462 stat,
1142 2419 1248 2452 eam
1270 2406 1480 2452 vendunt
1500 2407 1619 2458 vitia
1641 2407 1869 2454 Schultess
1897 2407 1914 2466 Η

209 2465 241 2511 6
272 2466 508 2523 specimen
530 2467 692 2511 Haase
723 2466 928 2523 speciem
950 2468 995 2511 A
1035 2466 1041 2526 1
1071 2465 1154 2523 qui
1184 2467 1300 2525 voly.
1334 2479 1426 2526 que
1449 2468 1494 2510 A
1523 2466 1541 2526 ΙΙ
1573 2467 1597 2512 7
1622 2466 1912 2525 degenerans

209 2525 313 2571 uiro
339 2525 406 2570 A¹
436 2527 480 2583 (o
511 2527 738 2582 expunxit
766 2541 825 2571 m.
852 2529 994 2582 1-2,
1024 2527 1167 2572 erasit
1194 2540 1253 2571 m.
1278 2528 1308 2571 5
1337 2531 1392 2572 nt
1417 2526 1529 2584 vid.)
1562 2525 1851 2585 degenerans
1885 2539 1913 2570 a

209 2585 309 2630 viro
335 2587 496 2631 eret
525 2585 748 2655 degener,
781 2599 902 2630 exan
988 2600 1009 2630 s
1032 2586 1307 2631 Feldmann.
1351 2591 1554 2643 exspecto
1577 2586 1795 2644 degener,
1820 2586 1911 2631 evi·

211 2646 343 2690 ratus
384 2646 485 2691 sim.
520 2645 573 2690 in
612 2645 883 2703 yradatione
902 2601 1011 2706 ᾗωθ
1051 2645 1283 2691 desistant
1312 2647 1358 2690 A
1398 2645 1622 2691 resistant
1656 2646 1843 2692 Erasm.
1852 2645 1871 2672 2
1896 2645 1914 2705 ΙΙ

212 2704 271 2750 13
293 2704 442 2749 nimia
464 2705 511 2749 A
534 2706 583 2762 (a
605 2719 719 2750 corr.
743 2705 851 2760 fort.
876 2719 934 2750 ex
957 2719 978 2749 s
1001 2720 1059 2751 m.
1207 2704 1267 2750 18
1291 2705 1539 2750 comitetur
1562 2716 1591 2750 ς
1622 2706 1850 2751 comitatu
1869 2708 1913 2750 A

213 2764 459 2823 (viryulam
490 2765 708 2822 adposuit
735 2765 834 2810 alia
862 2766 1046 2823 manus)
1076 2764 1094 2825 ΙΙ
1123 2764 1152 2809 2
1209 2765 1448 2810 dominam
1474 2765 1610 2812 Gertz
1638 2766 1846 2810 omnium
1868 2766 1914 2809 A

214 2825 314 2881 (cfr.
339 2824 431 2870 Cic
455 2824 535 2880 fin.
561 2825 624 2869 ΙΙ
641 2828 715 2880 12,
734 2827 810 2883 37)
835 2828 1049 2881 <rem>
1077 2824 1242 2871 excels
1268 2824 1476 2870 omnium
1500 2825 1663 2884 Stangl
1692 2825 1710 2885 Η
1737 2824 1796 2871 22
1819 2827 1911 2880 eat,

217 2883 336 2928 haec
360 2883 559 2942 Madvig]
589 2885 640 2928 at
670 2883 757 2944 hec
781 2883 849 2928 A¹
879 2884 941 2928 ad
971 2884 1059 2929 hec
1083 2883 1151 2929 Α*

1938 880 1981 913 10

1940 1252 1981 1285 15

1940 1624 1984 1657 20

1941 1995 1984 2029 25
