2028 3106
186 73 295 126 212
505 69 555 114 L.
580 68 818 114 ANNAEI
848 67 1122 114 SENECAE
1153 68 1312 114 DIAL.
1338 70 1450 116 LIB.
1479 69 1574 115 VH.

126 208 151 247 2
186 210 242 246 se
280 191 475 245 viderit
512 191 770 245 dissimile
808 189 1034 244 meliori.
1093 209 1161 243 ne
1200 190 1456 262 gaudium
1493 191 1709 262 quidem
1741 194 1886 263 quod

185 285 251 320 ex
286 266 487 320 virtute
526 267 720 334 oritur,
767 265 1012 334 quamvis
1050 264 1254 318 bonum
1294 265 1386 333 sit,
1433 265 1670 320 absoluti
1706 270 1886 321 tamen

183 341 313 394 boni
351 358 477 409 pars
508 344 612 410 est3
649 358 760 393 non
790 340 963 411 magis
996 357 1158 409 quam
1187 339 1395 393 laetitia
1424 342 1479 393 et
1507 341 1886 411 tranquillitas,

185 415 429 485 quamvis
476 434 543 470 ex
586 414 960 485 pulcherrimis
1008 414 1182 468 causis
1219 417 1531 485 nascantur3
1580 419 1706 469 sunt
1743 417 1886 470 enim

182 490 287 544 ista
317 490 481 557 bona,
520 489 613 543 sed
647 488 1028 559 consequentia
1059 507 1330 542 summum
1359 456 1586 558 bonuin,
1622 508 1734 544 non
1765 508 1888 545 con·

125 579 151 619 3
185 564 522 619 summantia.
592 564 685 633 qui
722 582 848 617 vero
887 563 1103 617 virtutis
1140 563 1540 634 voluptatisque
1580 565 1887 619 societatem

182 638 314 693 facit
359 642 413 692 et
456 657 524 691 ne
571 656 637 692 ex
675 656 847 708 aequo
887 637 1125 708 quidem,
1170 637 1463 710 fragilitate
1501 639 1718 693 alterius
1756 639 1889 693 boni

185 706 442 783 quicquid
495 713 554 766 in
607 713 776 767 altero
826 712 1029 784 vigoris
1083 714 1165 765 est
1213 713 1428 767 hebetat
1475 712 1887 783 libertatemque

182 787 332 841 illam
372 787 449 840 ita
487 787 727 856 demum,
765 788 812 842 si
841 787 979 841 nihil
1010 805 1065 841 se
1095 787 1382 856 pretiosius
1417 788 1592 858 novit,
1630 789 1887 843 invictam

184 861 283 916 sub
337 860 531 934 iugum
580 862 764 917 mittit.
846 880 994 931 nam,
1045 879 1182 931 quae
1232 863 1466 916 maxima
1514 830 1741 917 sei-vitus
1791 866 1887 934 est,

182 937 376 1022 incipit
420 937 503 991 illi
542 955 678 1008 opus
718 956 831 991 esse
870 937 1110 1006 fortuna3
1157 938 1398 1007 sequitur
1434 937 1546 991 vita
1584 938 1765 1007 anxia,
1803 956 1887 992 su-

183 1012 437 1082 spiciosa,
487 1012 719 1083 trepida,
773 1030 955 1067 casum
1001 1028 1224 1081 pavens,
1274 1015 1579 1083 temporum
1631 1030 1888 1098 suspensa

123 1101 150 1141 4
182 1087 486 1141 momentis.
561 1105 673 1141 non
723 1087 816 1141 das
867 1086 1055 1140 virtuti
1100 1085 1510 1141 fundamentum
1557 1105 1742 1159 grave,
1790 1088 1887 1141 im·

182 1161 405 1231 mobile,
466 1161 558 1215 sed
598 1162 748 1216 iubes
804 1162 954 1215 illam
1008 1161 1066 1214 in
1102 1161 1225 1215 loco
1266 1162 1494 1216 volubili
1532 1166 1695 1232 stare3
1758 1162 1887 1232 quid

182 1239 363 1289 autem
408 1238 520 1290 tam
567 1237 805 1290 volubile
845 1239 947 1306 est,
998 1254 1158 1305 quam
1198 1236 1547 1290 fortuitorum
1586 1238 1886 1307 expectatio

182 1314 236 1363 et
297 1311 539 1380 corporis
600 1329 885 1381 rerumque
947 1328 1141 1380 corpus
1203 1310 1568 1365 adficientium
1622 1310 1888 1366 varietas?

182 1386 454 1470 quomodo
485 1385 575 1439 hic
605 1389 786 1455 potest
816 1386 915 1439 deo
945 1404 1130 1456 parere
1162 1387 1216 1439 et
1247 1385 1503 1456 quicquid
1535 1386 1712 1439 evenit
1740 1385 1886 1439 bono

181 1459 361 1514 animo
424 1461 666 1530 excipere
727 1478 827 1514 nec
888 1459 953 1514 de
1014 1461 1128 1514 fato
1184 1461 1335 1530 queri
1389 1478 1610 1515 casuum
1664 1478 1885 1514 suorum

178 1533 444 1606 benignus
513 1535 799 1604 interpres,
869 1535 915 1589 si
984 1535 1051 1589 ad
1118 1535 1460 1605 voluptatum
1530 1535 1885 1605 dolorumque

180 1608 592 1679 punctiunculas
625 1608 968 1664 concutitur?
1029 1609 1120 1663 sed
1150 1628 1217 1663 ne
1240 1610 1444 1680 patriae
1470 1609 1686 1679 quidem
1709 1609 1885 1665 bonus

180 1686 330 1737 tutor
382 1686 476 1738 aut
529 1684 726 1738 vindex
775 1687 857 1738 est
905 1703 1005 1739 nec
1054 1684 1350 1739 amicorum
1396 1687 1789 1757 propugnator,
1839 1684 1886 1739 si

122 1773 147 1813 ὃ
181 1758 248 1812 ad
294 1759 598 1830 voluptates
648 1759 834 1830 vergit.
913 1759 1009 1813 illo
1068 1777 1195 1831 ergo
1254 1778 1521 1814 summum
1581 1759 1783 1814 bonum
1835 1778 1886 1814 e-

181 1834 420 1903 scendat,
466 1833 608 1887 unde
652 1834 803 1887 nulla
847 1834 903 1887 vi
949 1834 1266 1904 detrahimu,
1325 1852 1431 1904 quo
1484 1852 1658 1905 neque
1711 1834 1886 1888 dolori

179 1927 352 1978 neque
392 1908 507 1978 spei
543 1927 642 1963 nec
679 1909 916 1963 timorist
953 1909 1128 1963 aditus
1167 1927 1266 1963 nec
1303 1909 1403 1963 ulli
1440 1909 1539 1979 rei,
1578 1927 1714 1979 quae
1745 1909 1885 1963 dete-

177 1983 290 2036 rius
330 1983 527 2037 summi
565 1984 695 2038 boni
732 1984 815 2038 ius
853 1983 1039 2053 faciat3
1090 1984 1368 2038 escendere
1414 1986 1594 2038 autem
1632 1984 1728 2038 illo
1769 1984 1885 2045 sola

178 2057 349 2111 virtus
399 2060 592 2128 potest.
670 2059 816 2113 illius
856 2058 1027 2130 gradu
1067 2058 1238 2112 clivus
1277 2059 1379 2113 iste
1416 2058 1741 2130 frangendus
1781 2061 1884 2128 est3

179 2132 274 2185 illa
303 2132 517 2186 fortiter
547 2133 711 2187 stabit
741 2137 795 2187 et
826 2133 1081 2204 quicquid
1113 2133 1348 2187 evenerit
1377 2133 1512 2188 feret
1541 2151 1652 2188 non
1674 2133 1883 2203 patiens

178 2209 389 2260 tantum
437 2207 529 2261 sed
575 2208 737 2262 etiam
782 2209 991 2277 volem,
1042 2215 1362 2279 omnemque
1400 2211 1704 2279 temporum
1744 2207 1883 2261 diffi-

326 2353 356 2399 3
387 2354 480 2409 est·
511 2367 607 2399 non
637 2355 790 2413 magis
821 2356 1112 2423 interpunxi,
1142 2356 1258 2414 volq.
1290 2356 1430 2401 male.-
1469 2357 1560 2411 est,
1599 2368 1693 2399 non
1727 2353 1882 2413 magis

177 2413 273 2458 scil.
302 2414 720 2470 interpretandum.-
750 2428 845 2460 non
873 2414 1027 2473 magis
1058 2428 1202 2472 quam
1232 2414 1421 2460 laetitia
1451 2416 1513 2473 (=
1535 2414 1764 2473 gaudium
1795 2414 1880 2470 cfr.

178 2486 249 2542 ep..
272 2476 347 2528 72,
371 2475 418 2531 4)
458 2473 603 2517 etiam
642 2473 965 2531 tranquillitas
1005 2473 1212 2519 absoluti
1249 2473 1363 2520 boni
1400 2487 1510 2532 pars
1542 2475 1614 2519 est
1653 2473 1671 2534 ΙΙ
1711 2473 1768 2519 11
1806 2488 1882 2518 su·

179 2531 383 2588 spiciosa
413 2546 526 2578 corr.
551 2534 606 2578 in
626 2535 673 2578 A
703 2547 760 2580 ex
790 2533 1092 2592 susipisciosa
1120 2539 1175 2580 ut
1203 2535 1294 2580 vid.
1326 2534 1344 2595 ΙΙ
1373 2534 1432 2579 12
1470 2546 1632 2579 casum
1663 2535 1708 2578 A
1748 2546 1881 2578 casu·

177 2605 257 2636 um
282 2602 311 2636 ς
324 2591 358 2662 ΙΙ
386 2591 446 2637 13
476 2592 726 2638 momentis
749 2594 911 2640 eret
938 2595 1178 2639 momenta
1208 2595 1319 2639 sunt
1340 2596 1383 2638 A
1416 2595 1519 2650 (unt
1548 2608 1606 2639 m.
1633 2598 1676 2650 1,
1702 2593 1882 2650 reliqua

178 2665 235 2696 m.
260 2653 290 2696 5
312 2652 367 2696 in
387 2665 481 2698 ras.
505 2654 609 2709 ser.)
639 2653 903 2699 momentis.
946 2655 1000 2699 tu
1028 2653 1165 2700 Gertz
1199 2653 1205 2712 Ι
1239 2651 1527 2699 immobilem
1551 2654 1650 2711 (ult.
1675 2667 1723 2698 m
1746 2653 1880 2711 eras.)

176 2712 222 2755 A
251 2710 268 2771 ΙΙ
305 2710 364 2756 15
401 2710 603 2757 uolubili
633 2714 706 2758 est
728 2712 796 2757 A¹
825 2727 939 2760 corr.
964 2729 1021 2759 m.
1047 2716 1077 2759 5
1113 2713 1131 2774 ΙΙ
1167 2713 1227 2759 19
1265 2714 1374 2759 siA
1405 2713 1488 2771 qui
1521 2713 1658 2759 Gertz
1694 2712 1711 2773 ΙΙ
1746 2711 1806 2758 22
1836 2725 1879 2758 e-

178 2770 375 2816 scendat
404 2771 473 2815 A⁶
502 2772 547 2829 (e
577 2773 630 2817 in
665 2787 758 2819 ras.
788 2786 878 2830 pro
908 2774 1007 2819 alia
1036 2774 1139 2830 litt„
1178 2787 1294 2831 quae
1324 2786 1354 2818 a
1380 2774 1524 2830 fuisse
1555 2777 1728 2831 Ροιεεις
1765 2777 1881 2818 certe

176 2844 257 2876 nec
297 2830 358 2875 ad
395 2845 479 2877 nec
508 2844 534 2876 e
563 2832 673 2890 fuit)
714 2832 732 2892 ΙΙ
772 2832 833 2878 28
857 2832 1025 2902 ffunde
1064 2834 1129 2891 (m
1159 2835 1292 2891 eras.)
1321 2834 1366 2878 A
1412 2833 1418 2893 Ι
1462 2833 1514 2878 ιιι
1551 2833 1605 2878 in
1641 2845 1732 2879 ras.
1764 2831 1833 2877 A⁶
1860 2830 1879 2890 ΙΙ

177 2889 237 2935 24
266 2890 449 2936 timoris
480 2890 552 2936 ita
583 2891 710 2938 ditus
735 2892 802 2938 A¹
831 2892 991 2938 timori
1022 2892 1086 2939 sit
1116 2892 1273 2938 aditus
1297 2892 1368 2939 A⁶
1389 2906 1502 2940 corr.
1532 2891 1669 2938 Gertz

1918 879 1962 913 1⁰

1917 1252 1960 1287 15
