2028 3106
67 895 110 928 10

66 1270 108 1303 15

66 1643 110 1676 20

362 77 446 121 AD
479 75 796 122 POLYBIVM
827 77 908 121 DE
942 76 1405 124 CONSOLATIONE
1438 77 1566 123 CAP.
1592 83 1617 123 9
1733 81 1843 135 323

143 199 209 253 ad
260 218 397 269 quae
447 199 655 270 generis
705 198 928 253 humani
978 217 1134 254 caeca
1183 199 1448 270 cupiditas
1500 200 1844 285 obstupescit,

142 292 266 329 cum
295 273 477 328 labore
507 274 871 345 possidentur,
911 292 1034 329 cum
1065 274 1267 328 invidia
1297 274 1724 345 conspiciuntur,
1754 293 1844 330 eos

142 349 371 419 denique
417 348 587 420 ipsos,
634 366 769 418 quos
819 352 1102 418 exornant,
1156 352 1210 403 et
1258 353 1532 420 premunt3
1577 350 1699 420 plus
1750 350 1845 403 mi-

140 427 338 477 nantur
387 442 548 494 quam
599 427 848 494 prosunt3
895 423 1104 478 lubrica
1152 427 1206 477 et
1249 424 1453 478 incerta
1499 427 1646 494 sunt,
1694 443 1847 478 num-

144 517 303 568 quam
343 499 478 552 bene
516 501 790 567 tenentur;
835 517 962 551 nam
1000 501 1063 551 ut
1100 499 1239 551 nihil
1277 499 1342 555 de
1381 502 1622 569 tempore
1660 498 1845 553 futuro

141 574 417 643 timeatur,
455 573 575 643 ipsa
612 575 793 626 tamen
830 591 1056 645 magnae
1095 572 1366 628 felicitatis
1405 574 1577 628 tutela
1616 573 1848 628 sollicita

142 652 234 703 est.
299 648 346 702 si
376 647 509 701 velis
541 647 753 702 credere
784 648 944 702 altius
976 648 1258 702 veritatem
1283 649 1639 720 intuentibus,
1671 648 1846 703 omnis

141 724 254 776 vita
300 722 628 792 supplicium
677 725 779 775 est:
824 722 881 776 in
926 723 1032 777 1100
1069 723 1399 792 profundum
1438 724 1847 794 inquietumque

141 797 369 868 proiecti
419 815 589 866 mare,
639 797 859 850 alternis
911 798 1148 852 aestibus
1197 797 1533 868 reciprocum
1583 802 1636 852 et
1685 799 1846 853 modo

141 873 379 927 allevans
417 889 516 926 nos
557 871 750 926 subitis
782 872 1149 943 incrementis,
1187 873 1347 927 modo
1381 872 1671 927 maioribus
1704 874 1847 928 dam-

140 947 225 1001 nis
264 947 508 1002 deferens
548 947 866 1017 assidueque
906 948 1133 1017 iactans,
1170 966 1465 1017 numquam
1504 948 1685 1002 stabili
1723 967 1846 1003 con-

142 1022 379 1077 sistimus
426 1022 567 1092 1000,
618 1022 913 1091 pendemus
960 1026 1015 1076 et
1052 1023 1377 1077 fluctuamur
1416 1026 1469 1077 et
1507 1024 1643 1077 alter
1679 1023 1737 1077 in
1773 1024 1846 1078 al-

139 1102 316 1153 terum
386 1097 648 1151 illidimur
716 1100 770 1150 et
838 1098 1127 1167 aliquando
1195 1097 1537 1170 naufragium
1604 1097 1847 1168 facimus,

140 1191 352 1244 semper
396 1172 673 1242 timemus3
719 1172 777 1226 in
821 1172 926 1227 hoc
972 1176 1083 1226 tam
1122 1173 1423 1243 procelloso
1464 1176 1516 1226 et
1555 1173 1622 1227 ad
1663 1191 1846 1228 omnes

138 1250 483 1318 tempestates
529 1248 776 1318 exposito
824 1248 960 1302 mari
1005 1248 1383 1319 navigantibus
1429 1249 1612 1303 nullus
1658 1252 1846 1319 portus

139 1323 244 1376 nisi
282 1323 473 1376 mortis
506 1326 601 1376 est.
662 1341 731 1376 ne
762 1323 944 1391 itaque
976 1322 1229 1376 invideris
1261 1323 1416 1376 fratri
1446 1326 1565 1376 tuo:
1606 1323 1846 1392 quiescit.

139 1396 357 1451 tandem
418 1397 578 1466 liber,
645 1396 862 1450 tandem
923 1401 1098 1467 tutus,
1165 1397 1381 1452 tandem
1443 1400 1687 1452 aeternus
1752 1402 1844 1452 est.

141 1473 484 1542 superstitem
532 1470 810 1526 Caesarem
858 1490 1179 1543 omnemque
1229 1473 1342 1526 eius
1388 1473 1619 1543 prolem,
1667 1491 1846 1544 super-

139 1548 321 1601 stitem
358 1551 414 1602 te
453 1566 576 1603 cum
617 1548 992 1602 communibus
1032 1548 1194 1601 habet
1227 1547 1497 1602 fratribus.
1561 1551 1846 1618 antequam

141 1622 429 1692 quicquam
469 1642 536 1676 ex
574 1641 672 1677 suo
712 1622 896 1677 favore
935 1623 1153 1677 fortuna
1191 1626 1448 1693 mutaret,
1488 1626 1717 1677 stantem
1757 1623 1846 1677 ad-

138 1697 246 1752 11110
284 1698 434 1751 illam
474 1701 528 1752 et
546 1747 551 1752 .
566 1716 788 1751 munera
820 1699 979 1768 plena
1010 1717 1173 1752 manu
1205 1701 1582 1770 congerentem
1612 1699 1845 1768 reliquit.

1878 663 1904 703 6

1879 1187 1903 1227 '1

138 1772 338 1827 fruitur
386 1791 530 1827 nunc
580 1777 766 1843 aperto
814 1777 867 1827 et
912 1773 1083 1827 libero
1124 1774 1297 1843 caelo,
1346 1791 1412 1827 ex
1450 1773 1644 1827 humili
1683 1777 1846 1843 atque
1877 1785 1904 1826 8
1959 1784 1969 1822 ε

140 1847 392 1918 depresso
432 1849 489 1901 in
528 1866 651 1902 eum
690 1848 910 1902 emicuit
947 1849 1152 1917 locum,
1194 1849 1439 1918 quisquis
1479 1848 1570 1902 ille
1610 1852 1714 1919 est,
1752 1848 1847 1919 qui

139 1922 343 1977 solutas
396 1923 626 1977 vinculis
681 1924 886 1977 animas
940 1923 1098 1977 beato
1153 1923 1345 1993 recipit
1398 1923 1542 1993 sinu,
1595 1927 1649 1978 et
1701 1942 1846 1978 nunc

139 1998 306 2053 libere
343 1997 458 2053 illic
495 2001 722 2070 vagatur
761 1998 1048 2069 omniaque
1086 2017 1264 2052 rerum
1296 2001 1517 2052 naturae
1548 1999 1690 2052 bona
1722 2016 1844 2053 cum

142 2091 353 2127 summa
390 2073 670 2144 voluptate
709 2074 980 2144 perspicit.
1050 2092 1219 2128 erras:
1257 2092 1367 2127 non
1405 2074 1638 2145 perdidit
1666 2075 1845 2129 lucem

140 2148 305 2203 frater
343 2152 493 2219 tuus,
532 2149 624 2203 sed
664 2149 1006 2203 sinceriorem
1049 2149 1272 2203 sortitus
1305 2152 1398 2202 est.
1469 2149 1716 2203 omnibus
1749 2150 1843 2203 illo

138 2223 294 2278 nobis
334 2242 618 2278 commune
657 2228 739 2277 est
769 2225 890 2278 iter:
930 2224 1061 2295 quid
1090 2223 1203 2278 fata
1234 2223 1526 2278 deflemus?
1585 2243 1696 2278 non
1725 2224 1845 2278 reli-

288 2431 318 2476 2
353 2445 431 2477 eos
466 2431 669 2489 denique
708 2432 834 2489 ipsos
872 2433 1030 2478 Haase
1061 2446 1083 2477 ε
1114 2432 1210 2478 cod
1244 2433 1375 2478 Rom.
1408 2434 1704 2490 Dalecampii
1746 2446 1844 2478 eos-

140 2490 341 2548 demque
372 2492 499 2549 ipsos
532 2492 572 2539 0
607 2491 877 2549 eisdemque
910 2493 1026 2548 ipsis
1059 2493 1094 2548 (1·
1124 2493 1176 2537 in
1207 2493 1366 2550 litura)
1390 2493 1464 2548 131
1459 2492 1558 2552 1110
1587 2491 1726 2536 modo
1758 2506 1842 2538 om.

140 2551 241 2609 ΒΙΙ
283 2550 340 2596 13
380 2554 555 2607 <110>
596 2551 896 2610 naufragium
937 2551 1167 2596 faciamus
1202 2551 1403 2599 Goerenz
1443 2552 1460 2612 ΙΙ
1502 2550 1562 2597 14
1605 2551 1666 2596 ad
1709 2551 1844 2598 Gertz

140 2612 237 2657 coll.
274 2611 386 2657 dial.
423 2612 492 2657 VI
527 2616 571 2668 9,
594 2615 623 2658 3
661 2626 734 2670 qu.
772 2618 865 2657 nat.
905 2613 934 2657 1
969 2616 1039 2667 16,
1064 2615 1118 2667 4,·
1160 2612 1292 2657 addit
1326 2613 1452 2659 Rech
1489 2612 1601 2658 dial
1639 2613 1721 2657 IX
1748 2615 1792 2667 8,
1817 2617 1845 2659 9

142 2671 254 2717 XII
280 2675 326 2728 2,
350 2675 378 2716 4
409 2674 534 2730 εμπ.
561 2676 603 2727 7,
626 2675 655 2717 3
687 2672 736 2717 111
773 2672 854 2725 O
890 2671 947 2717 18
977 2673 1115 2718 verba
1146 2671 1390 2718 Caesarem
1426 2709 1435 2718 .
1463 2707 1472 2717 .
1500 2707 1509 2716 .
1544 2687 1598 2717 su
1634 2672 1841 2717 erstitem

139 2744 224 2776 om.
251 2732 297 2776 Β
326 2733 342 2788 11
374 2731 433 2777 19
464 2731 788 2777 communibus
884 2731 1100 2777 omnibus
1132 2732 1173 2778 G
1205 2738 1256 2777 ut
1286 2733 1399 2791 voly.
1430 2733 1447 2791 Η
1477 2732 1536 2777 25
1568 2731 1602 2776 11
1638 2746 1712 2777 010
1744 2731 1843 2777 11110

141 2790 188 2835 Β
219 2789 365 2837 libere
391 2793 503 2838 ΕΗ
511 2792 552 2837 G
584 2798 625 2837 et
655 2790 922 2851 11019111)οι-
948 2793 997 2838 D
1033 2791 1132 2837 illic
1164 2791 1309 2838 libere
1344 2793 1387 2838 V
1409 2793 1426 2850 ΙΙ
1462 2791 1522 2837 26
1555 2791 1778 2849 perspicit
1805 2792 1844 2837 Ο

140 2851 345 2909 percipit
362 2852 585 2908 Goerenz,
607 2857 781 2898 rectene
803 2853 992 2898 dubzto
1022 2852 1231 2910 perdidit
1252 2853 1367 2912 11019.
1393 2852 1551 2909 perdit
1570 2853 1632 2908 01
1666 2851 1723 2897 27
1749 2851 1842 2896 sin-

141 2910 363 2957 ceriorem
399 2911 536 2959 Gertz
566 2912 846 2959 securiorem
872 2913 911 2959 0
939 2913 1145 2958 securior
1172 2914 1244 2959 est
1267 2913 1325 2959 H
1349 2913 1584 2970 puriorem
1646 2912 1843 2971 paldiny

1398 3003 1484 3047 21·

1964 2067 1975 2098 ,.

1877 2161 1902 2201 9

140 2298 259 2369 quit
313 2299 404 2353 ille
457 2317 557 2354 nos
613 2298 704 2354 sed
758 2300 1057 2354 antecessit.
1136 2298 1273 2370 [29]
1329 2302 1433 2370 est,
1487 2299 1621 2354 mihi
1675 2298 1847 2370 crede,
1899 2270 1909 2351 ἦ)
1965 2244 2007 2287 Ἴ
