2034 3086
177 57 283 111 124
513 54 560 97 L.
587 53 824 98 ANNAEI
855 53 1128 100 SENECAE
1159 55 1318 101 DIAL.
1343 56 1453 101 LIB.
1480 56 1535 102 V.

172 176 333 230 modo
375 193 430 228 se
469 178 620 244 pater
659 194 839 246 gerere
878 175 1126 230 debuerit'
1157 180 1302 231 stans
1343 197 1501 248 super
1539 180 1762 234 cadaver
1792 182 1872 235 fili

174 251 257 304 sui
296 249 616 318 caedemque
655 250 830 319 illam,
879 252 1030 306 cuius
1081 254 1134 304 et
1179 253 1331 306 testis
1377 253 1550 307 fuerat
1601 258 1653 308 et
1691 273 1871 309 causa:

173 324 228 376 id
267 324 331 377 de
371 342 478 393 quo
527 342 672 378 nunc
718 325 897 396 agitur
942 329 1182 396 apparet,
1223 327 1357 380 iram
1398 329 1661 397 supprimi
1700 347 1868 398 posse.

171 417 281 452 non
320 399 458 451 male
498 398 634 452 dixit
672 401 808 471 regi,
846 401 1057 454 nullum
1097 401 1275 454 emisit
1312 421 1379 455 ne
1419 403 1718 458 calamitosi
1758 405 1871 474 qui-

172 473 293 526 dem
342 473 563 527 verbum
576 516 591 543 ,
641 493 764 528 cum
814 493 980 544 aeque
1030 493 1124 528 cor
1177 494 1333 529 suum
1385 495 1545 546 quam
1584 478 1665 531 fili
1702 482 1871 532 trans·

171 547 340 600 fixum
372 548 588 602 videret.
644 552 823 619 potest
854 549 960 603 dici
991 547 1182 602 merito
1215 550 1496 605 devorasse
1526 553 1709 620 verba3
1746 572 1871 606 nam

173 623 218 675 si
258 623 387 692 quid
425 626 701 694 tamquam
740 625 907 677 iratus
948 624 1182 693 dixisset,
1229 625 1369 679 nihil
1406 629 1681 695 tamquam
1719 631 1872 698 pater

170 696 342 751 facere
398 699 674 768 potuisset.
753 701 951 768 potest,
991 698 1237 768 inquam,
1274 700 1444 754 videri
1483 702 1775 770 sapientius
1816 723 1870 757 se

170 771 227 825 in
257 773 352 826 illo
386 792 512 828 casu
545 773 792 844 gessisse,
816 790 994 841 quam
1025 790 1148 826 cum
1180 773 1245 827 de
1275 775 1499 844 potandi
1530 775 1690 829 modo
1722 796 1871 846 prae-

170 847 370 917 ciperet
401 847 553 917 (ei),
595 866 753 918 quem
794 847 960 901 satius
1000 851 1114 900 erat
1143 848 1330 902 vinum
1363 867 1524 919 quam
1556 852 1869 921 sanguinem

168 922 369 991 bibere,
410 923 562 976 cuius
594 941 782 976 manus
815 922 1024 992 poculis
1057 925 1308 992 occupari
1339 943 1447 994 pax
1476 928 1610 979 erat:
1650 927 1872 980 accessit

169 996 349 1065 itaque
389 997 456 1050 ad
486 1016 769 1051 numerum
802 1015 1011 1066 eorum,
1050 998 1142 1066 qui
1174 999 1386 1068 magnis
1418 1000 1658 1054 cladibus
1698 1003 1871 1054 osten-

170 1070 382 1139 derunt,
427 1073 614 1140 quanti
654 1075 961 1126 constarent
999 1090 1187 1143 regum
1227 1073 1414 1127 amicis
1451 1074 1594 1127 bona
1632 1075 1870 1130 consilia.

317 1158 434 1212 XV.
489 1159 618 1213 Non
657 1161 843 1214 dubito
884 1163 1015 1232 quin
1052 1160 1340 1233 Harpagus
1382 1180 1594 1231 quoque
1632 1164 1740 1218 tale
1778 1165 1872 1217 ali-

171 1233 299 1303 quid
337 1234 452 1304 regi
484 1252 580 1287 suo
613 1233 1002 1306 Persarumque
1042 1237 1288 1306 suaserit,
1330 1254 1436 1306 quo
1477 1237 1710 1292 offensus
1740 1239 1871 1292 libe·

169 1326 256 1362 ros
288 1308 370 1361 illi
402 1307 696 1378 epulandos
736 1309 987 1378 adposuit
1026 1315 1078 1366 et
1117 1311 1340 1366 subinde
1373 1312 1621 1382 quaesiit,
1661 1331 1728 1365 an
1759 1313 1871 1382 pla-

169 1386 311 1436 ceret
361 1382 665 1452 conditura3
708 1383 896 1437 deinde
946 1389 1007 1438 ut
1057 1387 1185 1439 satis
1239 1387 1394 1440 illum
1445 1387 1663 1456 plenum
1714 1388 1869 1442 malis

170 1458 279 1512 suis
331 1458 488 1527 vidit,
544 1457 739 1510 adferri
790 1459 968 1527 capita
1018 1461 1236 1513 illorum
1287 1461 1444 1515 iussit
1494 1465 1546 1515 et
1598 1463 1867 1531 quomodo

168 1537 306 1587 esset
338 1536 585 1603 acceptus
618 1533 981 1603 interrogavit.
1028 1552 1138 1586 non
1162 1535 1445 1588 defuerunt
1474 1536 1669 1591 misero
1694 1538 1868 1606 verba,

167 1626 278 1660 non
316 1627 375 1662 os
416 1607 708 1662 concurrit:
749 1607 899 1677 ‘aput
936 1607 1136 1678 regem’
1175 1609 1352 1677 inquit
1391 1609 1584 1663 ‘omnis
1625 1629 1754 1664 cena
1793 1612 1869 1664 iu-

169 1681 342 1735 cunda
381 1683 495 1736 est?
567 1683 695 1752 quid
744 1682 846 1736 hac
892 1682 1197 1735 adulatione
1248 1683 1514 1751 profecit?
1587 1703 1655 1737 ne
1694 1685 1761 1737 ad
1791 1704 1868 1737 re·

167 1756 363 1825 liquias
394 1758 724 1811 invitaretur.
794 1777 904 1811 non
935 1760 1056 1810 veto
1090 1760 1297 1827 patrem
1330 1756 1579 1810 damnare
1610 1759 1752 1829 regis
1785 1760 1868 1812 sui

168 1831 395 1899 factum,
434 1850 546 1885 non
575 1836 698 1886 veto
740 1851 990 1902 quaerere
1030 1832 1248 1903 dignam
1287 1834 1399 1884 tam
1437 1832 1589 1896 truci>
1615 1835 1866 1901 portento

168 1924 418 1975 poenam,
474 1907 565 1960 sed
615 1907 719 1960 hoc
765 1908 979 1961 interim
1019 1907 1243 1978 colligo,
1288 1925 1444 1976 posse
1484 1907 1646 1959 etiam
1686 1926 1752 1960 ex
1790 1909 1867 1964 in-

169 1981 416 2051 gentibus
457 1981 612 2034 malis
666 1985 973 2036 nascentem
1026 1983 1161 2036 iram
1207 1981 1464 2035 abscondi
1509 1985 1562 2035 et
1601 1982 1668 2035 ad
1706 1983 1868 2036 verba

169 2055 436 2108 contraria
482 2055 584 2108 sibi
630 2058 765 2127 cogi.
850 2058 1148 2110 necessaria
1192 2058 1297 2110 ista
1342 2059 1423 2110 est
1469 2055 1669 2111 doloris
1709 2059 1867 2111 refre-

167 2131 336 2199 natio,
375 2130 562 2198 utique
601 2131 705 2184 hoc
745 2130 948 2184 sortitis
979 2131 1121 2184 vitae
1154 2150 1321 2202 genus
1361 2135 1415 2184 et
1445 2132 1512 2184 ad
1543 2133 1747 2202 regiam
1779 2132 1866 2185 ad-

168 2203 353 2258 hibitis
393 2223 653 2257 mensam:
702 2205 778 2259 sic
817 2207 963 2258 estur
1001 2205 1144 2273 apud
1190 2206 1335 2274 11108,
1384 2206 1462 2259 sic
1510 2206 1735 2274 bibitur,
1790 2206 1866 2258 sic

169 2279 538 2347 respondetur,
570 2279 846 2332 funeribus
879 2278 988 2331 suis
1013 2279 1360 2331 adridendum
1386 2283 1478 2332 est.
1528 2298 1596 2331 an
1626 2280 1764 2331 tanti
1795 2279 1866 2332 sit

169 2351 280 2403 vita
317 2354 637 2407 videbimus:
685 2355 790 2406 alia
827 2354 931 2405 ista
971 2353 1211 2419 quaestio
1251 2355 1344 2405 est.
1420 2371 1531 2405 non
1570 2353 1866 2406 consolabi-

169 2443 289 2476 mur
341 2429 452 2479 tam
499 2428 651 2481 triste
702 2427 1053 2498 ergastulum,
1110 2445 1222 2478 non
1275 2425 1678 2478 adhortabimur
1727 2427 1864 2480 ferre

317 2571 346 2615 5
379 2571 578 2628 fiIJtrans
610 2574 751 2617 fixum
790 2579 844 2618 ut
871 2571 1057 2639 υιίῑ..Αι
1089 2571 1175 2615 filii
1204 2572 1478 2616 transfixum
1502 2571 1572 2615 ΛΞ)
1607 2571 1624 2630 ΙΙ
1665 2573 1695 2617 6
1733 2587 1864 2618 nam-

168 2631 315 2749 3312!st
337 2630 476 2734 ⁴322ss?
507 2646 622 2736 2335·
636 2648 704 2737 ἕω
735 2632 934 2736 ἶεὲξΐ
955 2645 1015 2734 552
1037 2630 1340 2736 am&
1371 2631 1387 2689 ¹¹
1405 2630 1690 2736 rssessssssrg?
1721 2647 1863 2738 ⁰51¹ssss

168 2753 213 2795 A
243 2750 260 2809 ΙΙ
298 2706 356 2795 fi
385 2705 637 2807 Harppagus
668 2708 929 2797 Piincianus
961 2725 1186 2806 harpalus
1210 2751 1256 2795 A
1294 2751 1310 2810 ΙΙ
1348 2705 1407 2794 ἐξ
1438 2705 1566 2794 estuli·
1594 2730 1693 2797 sine
1723 2708 1863 2798 c‘iubio

167 2809 250 2865 A¹,
281 2824 338 2855 ex
367 2811 500 2855 euius
527 2811 759 2866 scriptura
789 2811 966 2855 litterae
997 2822 1045 2853 es
1071 2844 1080 2853 .
1109 2845 1118 2854 .
1143 2825 1168 2854 r
1195 2811 1279 2855 sub
1301 2823 1470 2859 ra-swra
1493 2817 1742 2867 appare·nt‚·
1764 2811 1863 2856 edi-

167 2871 245 2912 tur
274 2871 326 2914 in
355 2884 445 2915 ras.
472 2869 541 2914 A⁵
571 2875 623 2914 ut
654 2871 697 2914 L
706 2888 723 2925 ;
754 2871 883 2914 estur
911 2870 963 2913 in
993 2883 1135 2926 mary.
1169 2870 1354 2914 iteravit
1377 2869 1446 2913 Αὕ

1903 868 1945 899 10

1902 1253 1943 1286 15

1899 1626 1944 1658 8⁰

1898 1999 1941 2032 25

1896 2370 1939 2403 30
