2028 3106
136 228 159 266 ’ἶ

133 1134 155 1173 1

191 89 301 143 238
501 87 550 131 L.
576 87 813 131 ANNAEI
845 86 1118 132 SENECAE
1150 88 1306 132 DIAL.
1332 89 1443 133 LIB.
1469 89 1587 134 VIII.

192 207 429 278 spirent.'
516 208 583 260 ad
644 209 775 261 haec
830 208 1130 277 quaerenda
1179 212 1362 278 natus,
1422 210 1666 279 aestima,
1727 230 1887 281 quam

189 300 302 336 non
345 282 576 335 multum
623 283 886 351 acceperit
924 282 1206 353 temporie,
1255 283 1417 337 etiam
1457 285 1502 337 si
1539 284 1674 338 illud
1710 287 1886 339 totum

191 356 294 409 sibi
322 356 583 424 vindicat,
622 357 709 410 cui
738 357 865 410 licet
894 357 1033 410 nihil
1062 357 1319 410 facilitate
1351 359 1509 427 eripi,
1544 359 1682 412 nihil
1710 361 1886 430 negle-

191 430 374 502 gentia
420 431 659 500 patiatur
707 431 968 500 excidere,
1020 431 1150 485 licet
1196 431 1356 485 horas
1408 450 1530 486 suas
1582 434 1887 487 avarissime

191 507 364 558 servet
403 507 456 558 et
493 523 662 575 usque
700 505 758 557 in
795 505 1046 558 ultimum
1085 506 1272 559 aetatis
1303 505 1568 560 humanae
1599 509 1886 562 terminum

189 579 445 649 procedat
488 598 589 634 nec
635 581 922 649 quicquam
969 581 1051 633 illi
1097 599 1164 634 ex
1209 599 1294 650 eo,
1345 580 1489 650 quod
1534 585 1727 636 natura
1765 601 1887 638 con·

191 654 390 722 stituit,
426 654 644 708 fortuna
675 654 966 723 concutiat,
997 658 1181 709 tamen
1208 655 1372 709 homo
1405 655 1471 708 ad
1502 655 1887 712 immortalium

191 730 555 800 cognitionem
599 729 760 782 nimis
811 730 1054 783 mortalis
1106 733 1200 784 est.
1286 748 1412 801 ergo
1460 731 1754 786 secundum
1798 752 1887 785 na-

189 806 367 857 turam
406 803 553 873 vivo,
599 803 646 856 si
682 806 858 856 totum
898 823 982 857 me
1021 804 1103 857 illi
1142 804 1284 874 dedi,
1331 805 1377 858 si
1415 804 1559 858 illius
1599 805 1890 860 admirator

190 879 472 947 cultorque
529 896 661 931 sum.
752 881 945 931 natura
1002 881 1181 932 autem
1237 882 1523 948 utrumque
1577 879 1749 933 facere
1803 900 1888 934 me

189 953 385 1022 voluit,
435 955 488 1005 et
537 970 693 1022 agere
741 955 794 1005 et
840 953 1285 1022 contemplationi
1322 972 1524 1008 vacare.
1600 957 1888 1023 utrumque

188 1026 328 1081 facio
337 1068 353 1096 ‚
384 1026 639 1096 quoniam
669 1045 738 1079 ne
769 1027 1151 1096 contemplatio
1185 1027 1400 1096 quidem
1424 1029 1538 1082 sine
1563 1028 1770 1082 actione
1794 1032 1887 1081 est.

340 1114 430 1169 VI.
493 1114 626 1168 ‘Sed
678 1115 867 1169 refert'
917 1116 1096 1185 inquis
1144 1116 1237 1169 ‘an
1288 1117 1355 1169 ad
1400 1118 1549 1170 illam
1596 1118 1888 1187 voluptatis

191 1208 349 1243 causa
395 1190 678 1243 accesseris
723 1190 862 1243 nihil
908 1191 1053 1243 aliud
1093 1209 1159 1243 ex
1197 1191 1291 1243 illa
1328 1194 1515 1260 petens
1556 1210 1716 1262 quam
1756 1191 1888 1244 adsi-

190 1264 350 1317 duam
397 1264 904 1333 contemplationem
950 1266 1063 1318 sine
1110 1265 1280 1331 exitu3
1326 1268 1406 1318 est
1445 1266 1587 1318 enim
1629 1266 1798 1320 dulcis
1838 1269 1891 1319 et

188 1338 351 1391 habet
398 1338 692 1392 inlecebras
744 1338 900 1392 suas?
977 1340 1228 1393 adversus
1274 1339 1379 1393 hoc
1424 1339 1524 1393 tibi
1569 1341 1887 1410 respondeo:

190 1431 357 1482 aeque
388 1413 572 1483 refert,
605 1431 711 1482 quo
744 1414 923 1467 animo
957 1414 1168 1467 civilem
1201 1432 1327 1485 agas
1359 1414 1548 1483 vitam,
1582 1434 1652 1468 an
1682 1433 1890 1485 semper

190 1487 461 1557 inquietus
509 1487 581 1541 sis
626 1505 725 1540 nec
770 1489 872 1541 tibi
918 1507 1175 1558 umquam
1222 1506 1399 1542 sumas
1446 1489 1618 1542 ullum
1662 1492 1890 1559 tempus,

193 1581 299 1632 quo
355 1563 421 1615 ab
472 1562 721 1615 humanis
777 1563 844 1615 ad
895 1563 1075 1616 divina
1123 1563 1391 1632 respicias.
1481 1564 1753 1633 quomodo
1803 1583 1886 1617 res

191 1638 438 1707 adpetere
479 1638 591 1691 sine
630 1637 741 1689 ullo
782 1638 1042 1690 virtutum
1082 1656 1260 1690 amore
1297 1641 1350 1690 et
1380 1637 1494 1691 sine
1527 1638 1675 1692 cultu
1707 1639 1886 1708 ingeni

191 1730 252 1764 ac
289 1713 460 1765 nudas
501 1712 653 1764 edere
685 1729 873 1780 operas
906 1712 1124 1765 minime
1156 1713 1432 1781 probabile
1464 1716 1543 1766 est
1574 1743 1647 1750 ——
1678 1712 1887 1766 misceri

191 1786 331 1839 enim
363 1786 467 1839 ista
496 1786 636 1839 inter
666 1804 722 1838 se
755 1789 807 1838 et
839 1788 1046 1840 conseri
1078 1787 1273 1839 debent
1302 1818 1396 1856 —-‚
1429 1787 1506 1841 sic
1535 1786 1888 1855 inperfectum

191 1878 252 1913 ac
296 1861 609 1930 languidum
658 1861 859 1913 bonum
906 1865 987 1915 est
1036 1862 1092 1914 in
1131 1862 1301 1914 otium
1340 1862 1453 1914 sine
1492 1864 1614 1914 actu
1651 1861 1889 1930 proiecta

190 1935 382 2003 virtus,
438 1954 732 2004 numquam
785 1935 861 2003 id,
921 1936 1065 2004 quod
1117 1935 1325 2004 didicit,
1382 1935 1678 1989 ostendens,
1768 1937 1886 2005 quis

190 2011 352 2079 negat
400 2008 548 2062 illam
596 2010 784 2063 debere
830 2011 1101 2078 profectus
1149 2027 1273 2063 suos
1320 2011 1377 2063 in
1416 2028 1573 2079 opere
1612 2012 1889 2079 temptare,

190 2101 288 2136 nec
325 2085 535 2136 tantum
575 2084 704 2152 quid
741 2083 1042 2136 faciendum
1075 2085 1145 2137 sit
1177 2084 1435 2155 cogitare,
1473 2083 1564 2137 sed
1596 2084 1757 2137 etiam
1797 2085 1888 2138 ali-

193 2157 403 2226 quando
455 2177 674 2211 manum
726 2175 966 2211 exercere
1021 2161 1075 2211 et
1125 2177 1207 2228 ea,
1259 2176 1392 2227 quae
1443 2157 1698 2211 meditata
1748 2163 1885 2227 sunt,

192 2233 257 2284 ad
315 2250 501 2284 verum
556 2231 880 2301 perducere?
966 2233 1158 2302 quodsi
1211 2251 1307 2302 per
1361 2233 1537 2301 ipsum
1592 2234 1884 2303 sapientem

338 2363 367 2406 3
393 2363 524 2407 cuius
551 2378 638 2420 pro
664 2364 738 2407 cui
763 2365 877 2409 coni.
905 2364 1103 2421 Madviy
1124 2364 1141 2422 Η
1163 2362 1193 2408 4
1217 2362 1507 2407 amarissime
1532 2365 1578 2409 A
1602 2378 1715 2410 corr.
1733 2364 1845 2421 volq.
1870 2363 1887 2421 Η

191 2422 220 2466 5
251 2424 299 2466 et
328 2436 476 2478 usque
504 2425 618 2481 voly.
645 2423 798 2480 ejusq3
827 2425 870 2468 A
907 2424 910 2481 ξ
946 2423 1197 2468 terminum
1222 2434 1250 2468 ς
1279 2422 1500 2468 terminet
1523 2425 1570 2469 A
1599 2424 1616 2483 Η
1645 2423 1674 2468 9
1706 2422 1815 2468 dedi
1840 2423 1885 2466 A

193 2482 311 2526 dedo
348 2492 376 2525 ς
415 2482 431 2541 Η
473 2482 532 2526 14
570 2484 820 2528 accesseris
863 2497 948 2540 my.
985 2483 1089 2527 edit.
1126 2483 1266 2541 Juqes
1303 2482 1477 2540 (Gertz)
1517 2482 1765 2528 accesserit
1788 2482 1840 2534 ‘A
1870 2481 1887 2540 Η

192 2542 250 2586 15
275 2541 718 2597 contemplationem
743 2543 843 2587 sine
867 2543 1017 2597 exitu3
1046 2544 1117 2587 est
1141 2543 1264 2587 enim
1287 2542 1401 2600 volq.
1428 2542 1882 2600 contemplationem.

193 2603 292 2646 sine
324 2602 453 2646 exitu
484 2603 567 2647 est.
617 2605 688 2647 est
712 2602 835 2646 enim
860 2603 906 2647 A
929 2605 999 2658 (in
1021 2607 1220 2647 extrema
1241 2602 1379 2646 huius
1402 2603 1578 2661 dialoyi
1593 2607 1727 2659 parte
1749 2601 1886 2646 verba

192 2676 340 2707 errore
372 2662 554 2706 librarii
584 2663 679 2707 cod.
705 2663 751 2707 A
780 2663 964 2719 saepius
994 2663 1162 2707 iterata
1194 2662 1280 2719 leyi
1308 2668 1458 2707 memet
1491 2663 1642 2717 Gertz)
1680 2660 1696 2719 Η
1734 2660 1789 2704 17
1824 2673 1885 2704 an

190 2724 245 2765 ut
275 2722 387 2779 voly.
412 2721 516 2776 fort.
542 2726 657 2766 recte
694 2722 710 2781 Η
748 2721 805 2766 18
836 2735 922 2765 nec
953 2721 1044 2765 tibi
1073 2734 1297 2778 umquam
1330 2721 1467 2767 Gertz
1497 2735 1582 2766 nec
1612 2722 1665 2764 tsi
1697 2733 1813 2776 quas
1838 2722 1885 2765 A

191 2794 277 2825 nec
299 2794 523 2838 umquam
550 2781 664 2838 voly.
696 2781 712 2841 Η
742 2781 798 2825 21
824 2782 952 2825 nuda
976 2781 1138 2826 sedere
1162 2794 1351 2838 operam
1375 2781 1445 2826 A¹
1467 2795 1578 2826 corr.
1602 2780 1707 2835 fort.
1734 2795 1790 2825 m.
1816 2783 1848 2825 2
1869 2780 1886 2840 Η

191 2840 250 2884 22
281 2841 606 2897 imperfectum
637 2843 749 2899 voly.
788 2841 910 2885 inter
939 2841 1115 2886 fectum
1146 2842 1192 2886 A
1233 2840 1249 2899 ΙΙ
1291 2840 1350 2884 25
1386 2840 1518 2885 illam
1551 2837 1720 2885 debere
1752 2839 1884 2884 illam

193 2901 236 2944 A
269 2900 284 2958 Η
314 2900 371 2944 27
404 2902 513 2944 sunt
536 2900 582 2945 A
615 2901 686 2944 est
713 2900 849 2945 Gertz
878 2900 895 2959 Η
925 2900 984 2945 28
1017 2900 1184 2956 quodsi
1208 2901 1403 2956 Lipsius
1434 2899 1547 2956 quid
1581 2900 1619 2943 si
1646 2900 1691 2943 A

1922 901 1963 933 10

1923 1285 1963 1318 15

1920 1658 1964 1690 20

1920 2029 1962 2063 25
