2034 3086
589 28 809 74 DEmA
841 28 951 73 Lm.
976 27 1054 73 111.
1110 27 1238 75 GAP.
1266 32 1337 73 13.
1363 32 1420 72 ιι
1759 28 1863 83 123

159 154 320 208 etiam
360 151 692 225 gravissimis
730 151 888 205 rebus
928 151 1226 221 subitisque
1265 167 1557 204 concussus
1597 149 1732 202 iram
1772 152 1864 202 aut

158 246 270 282 non
314 228 510 282 sentiat
548 229 642 280 aut
686 225 1056 297 magnitudine
1101 224 1410 295 inopinatae
1449 224 1675 278 iniuriae
1713 242 1863 278 exor-

158 306 269 357 tam
309 303 367 357 in
411 303 582 357 altum
629 300 866 354 retrahat
910 315 1012 355 nec
1053 300 1295 354 dolorem
1335 318 1493 352 suum
1531 299 1860 369 profiteatur.

158 378 213 432 id
243 377 361 432 fieri
391 395 549 447 posse
579 375 879 446 apparebit,
911 376 956 430 si
988 392 1160 445 pauca
1182 393 1250 428 ex
1270 374 1430 427 turba
1452 374 1660 446 ingenti
1691 391 1863 427 exem·
1896 386 1921 426 7

106 470 127 503 5
156 453 249 524 pla
286 452 588 524 protulero,
625 469 692 505 ex
726 451 921 521 quibus
956 453 1245 520 utrumque
1277 448 1479 503 discere
1509 450 1660 518 licet,
1699 467 1863 518 quan-

156 532 274 582 tum
305 526 436 580 mali
465 525 659 580 habeat
697 526 799 595 ira,
844 525 938 579 ubi
976 525 1260 579 hominum
1299 525 1730 594 praepotentium
1771 542 1863 594 po-

155 605 349 657 testate
386 603 503 655 tota
539 601 725 669 utitur,
765 603 1027 671 quantum
1074 600 1178 654 sibi
1228 599 1490 669 imperare
1529 599 1723 705 possit,
1770 599 1862 652 ubi

156 679 303 731 metu
340 678 542 730 maiore
580 693 888 746 compressa
925 679 1020 730 est.

305 749 451 805 XIV.
505 749 807 820 Cambysen
847 769 1029 821 regem
1075 750 1236 804 nimis
1277 748 1517 803 deditum
1548 748 1676 801 vino
1709 746 1864 804 Prae·
1897 762 1919 800 1

82 845 127 878 ιο
155 844 348 896 xaspes
385 845 526 879 unus
564 843 632 879 ex
661 825 954 880 carissimis
986 826 1260 892 monebat,
1299 828 1361 878 ut
1391 824 1604 895 parcius
1643 823 1865 892 biberet,

155 905 368 972 turpem
406 919 521 955 esse
560 900 741 954 dicens
781 900 1091 953 ebrietatem
1131 901 1189 953 in
1226 918 1375 971 rege,
1420 917 1579 970 quem
1621 899 1863 952 omnium

157 976 301 1031 oculi
339 994 599 1046 auresque
638 978 1000 1045 sequerentur.
1051 974 1117 1028 ad
1156 975 1288 1028 haec
1327 975 1441 1028 ille:
1473 974 1552 1028 ‘ut
1592 972 1747 1028 scias'
1787 974 1863 1026 in-

156 1052 276 1122 quit
321 1050 793 1122 ‘quemadmodum
842 1067 1139 1119 numquam
1186 1049 1428 1102 excidam
1468 1049 1629 1118 mihi,
1674 1049 1863 1119 adpro-

154 1127 294 1181 babo
334 1127 442 1180 iam
481 1129 536 1180 et
574 1126 760 1180 oculos
800 1128 926 1196 post
963 1125 1150 1178 vinum
1198 1124 1260 1176 ιιι
1294 1123 1476 1177 officio
1517 1142 1631 1178 esse
1671 1127 1724 1177 et
1755 1142 1863 1176 ma-

81 1217 124 1252 15
153 1219 268 1256 nus.
274 1201 290 1224 '
364 1201 503 1255 bibit
540 1200 730 1254 deinde
774 1200 1049 1254 liberalius
1100 1217 1262 1270 quam
1313 1198 1445 1251 alias
1496 1199 1919 1268 capacioribus2

154 1276 374 1348 scyphis
428 1279 483 1330 et
532 1276 639 1329 iam
686 1276 865 1346 gravis
912 1293 975 1329 ac
1024 1274 1331 1329 vinolentus
1380 1273 1740 1344 obiurgatoris
1781 1275 1865 1328 sui

154 1351 329 1404 filium
383 1349 671 1420 procedere
722 1350 865 1403 ultra
913 1350 1081 1404 limen
1128 1350 1275 1404 iubet
1313 1347 1663 1420 adlevataque
1704 1367 1864 1432 super

154 1428 319 1495 caput
356 1425 575 1479 sinistra
612 1443 775 1478 manu
815 1427 969 1478 stare.
1031 1427 1162 1479 tunc
1199 1423 1431 1478 intendit
1470 1440 1653 1477 arcum
1693 1425 1747 1476 et
1785 1424 1863 1493 ip-

155 1518 275 1554 sum
322 1517 417 1555 cor
454 1499 835 1569 adulescentis,
882 1499 935 1553 id
975 1499 1119 1553 enim
1158 1502 1338 1569 petere
1378 1518 1434 1554 se
1474 1498 1701 1566 dixerat,
1742 1497 1863 1569 figit

79 1591 125 1625 '⁰
153 1593 380 1705 Ξὲἳιῖω
355 1578 747 1722 333122222
763 1574 988 1721 &32¹3
1019 1572 1864 1720 Ξιὲὲἒὲςὲἓιῖῗέἒὲἑίῗῖῗηὲἒζ

154 1725 374 1780 haberet
422 1744 656 1780 manum.
745 1729 802 1779 at
851 1725 942 1779 ille
991 1724 1211 1796 negavit
1259 1722 1572 1794 Apollinem
1623 1723 1863 1794 potuisse

154 1801 351 1855 certius
390 1801 616 1855 mittere.
702 1800 779 1854 dii
826 1801 981 1853 illum
1032 1800 1172 1854 male
1203 1799 1430 1870 perdant
1468 1799 1648 1853 animo
1689 1799 1862 1870 magis
1894 1808 1921 1848 3

155 1892 316 1945 quam
366 1875 683 1931 condicione
733 1875 1090 1945 mancipium!
1143 1873 1258 1928 eius
1314 1875 1390 1928 rei
1440 1873 1689 1928 laudator
1735 1873 1862 1942 fuit,

79 1964 123 1999 π
154 1951 307 2005 cuius
345 1951 508 2005 nimis
547 1954 662 2005 erat
700 1953 1056 2021 spectatorem
1095 1949 1275 2004 fuisse.
1346 1949 1683 2004 occasionem
1714 1948 1862 2003 blan·

154 2023 408 2079 ditiarum
448 2026 663 2096 putavit
701 2028 888 2096 pectus
927 2024 1029 2079 fflii
1077 2025 1133 2079 in
1178 2024 1310 2078 duas
1357 2027 1535 2095 partes
1582 2022 1861 2078 diductum

153 2103 209 2153 et
246 2116 340 2154 cor
378 2100 477 2154 sub
517 2100 736 2155 vulnere
776 2099 1069 2170 palpitans.
1109 2100 1528 2155 controversiam
1570 2098 1650 2152 illi
1689 2099 1862 2154 facere

153 2173 219 2228 de
256 2174 432 2246 gloria
469 2174 654 2229 debuit
692 2178 746 2230 et
781 2192 1031 2229 revocare
1063 2174 1285 2243 iactum,
1324 2177 1387 2228 ut
1423 2173 1538 2245 regi
1576 2172 1768 2228 liberet
1806 2174 1862 2227 ιιι

155 2249 273 2319 ipso
312 2252 464 2319 patre
504 2251 784 2304 certiorem
825 2267 1043 2304 manum
1076 2246 1375 2305 ostendere!
1453 2267 1484 2301 o
1525 2266 1706 2321 regem
1746 2266 1862 2303 cru-
1893 2258 1920 2297 4

79 2338 124 2372 »
152 2325 360 2378 sutum!
452 2342 485 2378 o
540 2324 765 2396 dignum
820 2324 877 2377 ιιι
930 2342 1089 2395 quem
1145 2324 1387 2378 omnium
1435 2341 1655 2377 suorum
1707 2341 1861 2378 arcus

154 2400 507 2453 verterentur!
606 2418 727 2454 cum
791 2399 1022 2453 execrati
1084 2399 1341 2454 fuerimus
1408 2397 1563 2452 illum
1614 2398 1863 2452 convivia

153 2473 434 2544 suppliciis
466 2474 848 2543 funeribusque
881 2474 1199 2543 solventem,
1235 2476 1415 2527 tamen
1447 2473 1755 2527 sceleratius
1787 2476 1861 2526 te-

153 2548 266 2603 lum
307 2548 442 2602 illud
473 2548 749 2603 laudatum
789 2551 871 2602 est
902 2566 1063 2619 quam
1096 2549 1334 2603 missum.
1391 2547 1691 2602 videbimus
1731 2565 1860 2616 quo-

302 2678 333 2725 2
363 2682 540 2727 sentiat
563 2680 632 2727 Αο
662 2680 871 2725 sentiant
894 2681 962 2726 A¹
992 2681 1009 2738 ΙΙ
1036 2680 1069 2726 8
1099 2680 1148 2726 ιιι
1180 2680 1327 2726 altum
1359 2681 1522 2727 eret
1551 2678 1751 2737 iuaijum
1775 2680 1820 2725 A
1843 2680 1861 2740 ΙΙ

152 2738 183 2783 8
219 2739 512 2826 Praexaspes
548 2741 809 2787 Pincianus
850 2740 1087 2798 (Her-odet
1113 2741 1379 2799 1113439)
1421 2739 1742 2798 traexlhaspes
1768 2741 1812 2785 A
1842 2748 1860 2793 ΙΙ

154 2797 214 2844 1⁸
242 2803 292 2845 et
321 2800 416 2845 iam
441 2799 512 2846 A·
533 2802 586 2846 im
615 2813 707 2846 ms.
738 2800 755 2859 ΙΙ
791 2799 852 2845 w
883 2800 1201 2859 rescissolsque
1227 2802 1270 2846 A
1303 2803 1434 2859 (eras.
1462 2802 1500 2857 s)
1535 2799 1552 2858 ΙΙ
1588 2798 1648 2845 28
1680 2800 1856 2845 iactum

154 2858 198 2903 A
249 2861 375 2904 ctum
411 2860 625 2917 Lipsius,
656 2861 825 2905 rectius
856 2865 908 2906 ut
939 2860 1029 2905 vid.
1055 2860 1111 2905 de
1140 2862 1311 2918 sagitta
