2034 3086
210 76 314 129 106
534 74 586 119 L.
610 73 847 118 ANNAEI
878 72 1150 120 SENECAE
1181 75 1339 122 DIAL.
1364 76 1475 122 LIB.
1499 77 1580 123 IV.

146 209 174 248 5
207 215 262 250 se
316 195 423 252 nisi
477 196 732 265 eruperit!
825 197 1007 266 quales
1063 179 1188 251 sunt
1239 198 1479 253 hostium
1535 201 1621 253 vel
1672 200 1907 254 ferarum

145 1253 172 1292 6

146 1941 172 1982 2

206 270 364 324 caede
419 269 749 324 madentium
803 274 896 324 aut
948 272 1015 325 ad
1068 273 1283 326 caedem
1345 274 1587 327 euntium
1648 279 1909 345 aspectuS,

207 343 387 414 qualia
455 348 646 414 poetae
714 345 923 400 inferna
990 351 1231 401 monstra
1297 348 1570 402 finxerunt
1638 350 1908 405 succincta

207 419 542 488 serpentibus
593 422 646 472 et
694 419 852 491 igneo
902 421 1059 491 flatu,
1110 423 1293 491 quales
1341 423 1408 475 ad
1449 423 1592 476 bella
1625 424 1908 493 *excitanda

206 493 634 563 discordiamque
684 494 741 547 in
785 497 1017 566 populos
1064 496 1403 549 dividendam
1441 514 1735 566 pacemque
1772 500 1906 554 lace-

205 567 428 631 randam
472 569 775 623 teterrimae
820 570 1053 637 inferum
1099 573 1316 622 exeunt:
1376 571 1541 624 talem
1578 571 1734 625 nobis
1772 573 1906 627 iram

205 643 523 714 figuremus,
571 637 823 697 Ηαωηιε.“”
833 638 1044 696 lumina
1093 644 1356 713 ardentia,
1393 645 1550 699 sibilo
1590 646 1906 718 mugituque

205 722 259 771 et
311 718 517 790 gemitu
571 721 624 771 et
677 717 903 771 stridore
954 721 1007 771 et
1057 719 1103 772 si
1149 738 1256 789 qua
1299 719 1385 774 his
1422 720 1646 774 invisior
1683 740 1791 775 vox
1828 728 1907 777 est

205 795 650 862 perstrepentem,
699 793 820 845 tela'
856 811 1020 847 manu
1069 797 1296 864 utraque
1335 795 1664 865 quatientem
1711 794 1906 868 (neque

206 867 349 919 enim
387 867 470 920 illi
509 885 565 920 se
603 870 782 938 tegere
822 885 979 922 curae
1018 866 1146 941 est),
1183 873 1393 923 torvam
1433 874 1816 941 cruentamque
1854 877 1907 927 et

206 941 572 995 cicatricosam
604 945 657 995 et
680 942 988 996 verberibus
1012 945 1122 998 suis
1145 944 1383 1014 lividam,
1412 945 1651 999 incessus
1677 949 1906 1018 vaesani,

206 1016 432 1070 offusam
487 1017 659 1071 multa
713 1017 965 1088 caligine,
1012 1019 1441 1089 incursitantem,
1478 1023 1776 1074 vastantem
1825 1022 1905 1077 fu-

205 1094 528 1162 gantemque
579 1095 632 1145 et
682 1092 924 1145 omnium
975 1093 1098 1146 odio
1144 1095 1501 1163 laborantem,
1539 1095 1623 1147 sui
1661 1097 1906 1167 maxime,

206 1166 252 1219 si
290 1167 444 1220 aliter
481 1185 674 1221 nocere
704 1186 816 1220 non
846 1167 1041 1237 possit,
1071 1172 1262 1238 terras,
1292 1170 1482 1239 maria,
1515 1171 1722 1223 caelum
1753 1190 1906 1226 ruere

206 1241 534 1310 cupientem,
570 1241 820 1295 infestam
863 1242 1063 1312 pariter
1100 1243 1447 1314 invisamque.
1525 1245 1635 1313 vel,
1681 1245 1726 1298 si
1764 1245 1906 1299 vide-

203 1319 316 1380 tur,
355 1316 424 1369 sit
464 1316 637 1386 qualis
678 1320 808 1387 aput
845 1321 993 1371 vates
1032 1321 1246 1371 nostros
1287 1318 1415 1389 [est]

474 1410 783 1468 sanguineum
815 1412 1034 1467 quatiens
1067 1412 1232 1457 dextra
1264 1412 1458 1457 Bellona
1489 1412 1751 1471 flagellum,

475 1472 558 1514 aut
589 1471 735 1515 scissa
766 1471 978 1529 gaudens
1008 1472 1142 1517 vadit
1173 1472 1420 1517 Discordia
1450 1472 1602 1530 palla,

205 1557 299 1606 aut
323 1554 368 1607 si
386 1573 493 1623 qua
515 1555 687 1626 magis
705 1555 819 1608 dira
842 1556 1004 1610 facies
1029 1557 1324 1628 excogitari
1339 1558 1440 1611 diri
1457 1559 1696 1612 adfectus
1713 1561 1904 1628 potest.

354 1627 602 1682 XXXVI.
658 1628 1011 1702 Quibusdam,
1049 1635 1111 1685 ut
1145 1632 1221 1686 ait
1253 1630 1489 1701 Sextius,
1519 1633 1668 1686 iratis
1701 1633 1908 1702 profuit

205 1703 474 1773 aspexisse
505 1705 807 1774 speculum:
845 1706 1178 1775 perturbavit
1207 1707 1330 1760 illos
1362 1710 1512 1759 tanta
1542 1708 1767 1761 mutatio
1801 1707 1906 1777 sui;

205 1779 374 1851 velut..
401 1778 459 1831 in
507 1797 621 1832 rem
670 1785 1004 1849 praesentem
1051 1782 1268 1836 adducti
1313 1800 1425 1835 non
1463 1785 1797 1853 agnoverunt
1835 1800 1905 1836 se.

205 1856 258 1907 et
298 1855 618 1923 quantulum
670 1873 736 1908 ex
784 1874 910 1910 vera
955 1857 1292 1910 deformitate
1337 1857 1517 1928 imago
1557 1857 1651 1910 illa
1688 1858 1904 1926 speculo

204 1946 515 1998 repercussa
563 1929 854 1984 reddebat?
928 1932 1137 1985 animus
1186 1932 1231 1985 si
1279 1931 1488 1985 ostendi
1526 1935 1579 1984 et
1618 1931 1664 1984 si
1701 1932 1758 1984 in
1795 1932 1908 1985 ulla

205 2004 428 2058 materia
479 2005 751 2075 perlucere
812 2010 1018 2076 posset,
1077 2007 1335 2060 intuentis
1396 2025 1493 2061 nos
1557 2007 1908 2061 confunderet

206 2082 320 2132 ater
357 2080 770 2150 maculosusque
810 2085 863 2134 et
901 2085 1149 2135 aestuans
1189 2085 1242 2135 et
1280 2082 1536 2135 distortus
1569 2085 1622 2135 et
1651 2082 1906 2135 tumidus.

206 2172 349 2208 nunc
389 2173 604 2224 quoque
642 2158 792 2209 tanta
823 2156 1134 2210 deformitas
1166 2157 1279 2210 eius
1311 2160 1392 2210 est
1422 2176 1518 2227 per
1549 2174 1671 2210 ossa
1702 2174 1907 2210 carnes-

208 2247 311 2296 que
343 2232 395 2281 et
425 2232 508 2282 tot
538 2230 902 2299 inpedimenta
941 2231 1231 2285 effluentis:
1288 2231 1416 2301 quid
1448 2232 1495 2285 si
1523 2231 1700 2284 nudus
1734 2234 1907 2285 osten-

355 2346 411 2390 17
442 2352 485 2391 et
515 2346 573 2392 18
603 2362 758 2393 versus
787 2354 895 2393 suut
929 2349 1118 2407 Veryilii
1149 2349 1284 2407 (Aen.
1309 2350 1440 2394 VIII
1456 2338 1549 2395 702
1563 2350 1645 2405 sq.)
1678 2363 1708 2392 a
1739 2348 1906 2394 Seneca

207 2406 391 2450 lleenter
421 2408 588 2475 mutati

362 2479 389 2523 1
441 2494 489 2525 se
539 2476 571 2525 1¹1
610 2482 680 2526 Α5
721 2483 774 2525 iu
815 2497 907 2527 ras.
918 2500 935 2537 ;
978 2497 1033 2528 ex
1069 2482 1137 2526 A¹
1174 2484 1402 2539 scriptura
1447 2487 1644 2527 restant:
1687 2496 1707 2525 s
1730 2518 1738 2526 .
1760 2518 1768 2526 .
1791 2482 1850 2526 isi
1890 2484 1906 2540 Η

206 2538 235 2582 2
267 2539 629 2598 autssadsseedem
654 2541 724 2586 A5
752 2541 769 2600 ΙΙ
798 2540 828 2585 3
850 2543 989 2599 poete
1016 2543 1069 2587 i‘n
1091 2557 1182 2587 ras.
1207 2544 1379 2588 maiore
1402 2542 1473 2587 A⁶
1501 2542 1518 2601 ΙΙ
1547 2541 1577 2586 4
1601 2542 1762 2598 quales
1789 2542 1902 2600 voly.

207 2598 360 2654 qualis
384 2600 430 2644 A
461 2599 477 2658 Η
507 2601 537 2645 6
568 2601 817 2659 deterrime
841 2603 887 2646 A
918 2616 1030 2647 eorr.
1058 2603 1218 2647 Haase
1250 2602 1367 2646 deae
1398 2602 1698 2647 taeterrimae
1726 2601 1860 2646 Gertz
1890 2601 1907 2659 Η

206 2658 263 2702 11
297 2660 344 2703 et
375 2659 481 2703 add.
515 2661 584 2705 A⁵
625 2662 629 2719 1
673 2660 819 2705 livida
850 2662 917 2716 A,
948 2662 1026 2706 sed
1058 2662 1270 2706 lineolam
1301 2667 1385 2706 aut
1415 2662 1598 2706 addidit
1623 2661 1693 2705 A⁵
1723 2666 1807 2705 aut
1836 2675 1904 2705 re-

205 2720 391 2763 novavit
426 2720 430 2776 1
465 2720 626 2763 vesani
659 2721 817 2766 Muret
846 2721 1035 2780 uesanis
1065 2722 1111 2765 A
1149 2721 1165 2780 ΙΙ
1207 2720 1265 2765 12
1305 2720 1543 2779 caligines]
1570 2725 1699 2776 (eras.
1724 2722 1788 2777 m)
1813 2721 1860 2764 A
1889 2720 1906 2778 Ιξ

207 2776 267 2821 14
296 2778 483 2838 marias]
510 2781 548 2836 (s
580 2782 710 2836 eras.)
736 2781 782 2824 A
819 2780 836 2839 ΙΙ
879 2780 937 2824 16
976 2783 1048 2825 est
1086 2781 1273 2825 sustulit
1306 2781 1441 2825 Gertz
1481 2781 1497 2839 ΙΙ
1539 2779 1596 2825 18
1625 2780 1904 2836 particulam

207 2839 290 2881 aut
322 2853 352 2882 a
382 2852 514 2884 versu
543 2845 803 2896 separatam
833 2840 1028 2886 Senecae
1063 2841 1225 2886 tribuit
1255 2841 1488 2885 Rossbach
1523 2840 1540 2899 Η
1577 2839 1633 2884 21
1667 2839 1903 2896 aspexisse

208 2897 449 2952 speculum
480 2912 564 2944 ser.
590 2900 642 2943 iu
672 2913 761 2944 ras.
787 2899 857 2944 A⁵

1938 892 1980 924 10

1937 1263 1979 1296 15

1938 1652 1982 1684 20

1939 2025 1982 2058 25
2030 2038 2034 2067 ς
