2034 3086
156 97 264 153 150
492 95 544 140 L.
566 93 805 140 ANNAEI
836 91 1110 140 SENECAE
1141 94 1302 143 DIAL.
1326 94 1438 141 LIB.
1462 95 1519 141 V.

151 217 347 270 vulnus
401 215 607 270 inimici
659 234 821 287 quam
884 214 977 286 qui
1037 212 1287 286 pusulam
1348 215 1704 286 concupiscit3
1764 217 1854 271 hic

153 290 295 345 enim
332 308 444 344 non
480 292 693 345 tantum
730 290 862 344 mali
899 289 1066 343 animi
1104 293 1208 359 est,
1246 289 1338 343 sed
1375 290 1574 359 pusilli.
1646 291 1757 345 sive
1789 291 1853 346 de

151 364 358 419 ultimis
394 365 674 435 suppliciis
705 365 911 436 cogitas
944 364 1055 419 sive
1087 364 1152 418 de
1181 363 1494 434 levioribus,
1534 366 1854 435 quantulum

154 442 234 494 est
283 440 582 509 temporis,
615 458 722 510 quo
774 442 868 493 aut
915 438 1007 492 ille
1051 457 1226 509 poena
1272 456 1367 492 sua
1411 440 1725 509 torqueatur
1762 443 1855 492 aut

152 517 215 567 tu
266 514 469 569 malum
522 515 780 586 gaudium
834 531 900 567 cx
952 514 1126 567 aliena
1174 511 1460 584 percipias!
1536 514 1644 567 iam
1690 514 1853 567 istum

95 601 122 644 5
154 587 403 658 spiritum
441 607 748 660 expuemus.
811 587 1048 657 interim,
1084 589 1211 642 dum
1241 586 1525 655 trahimus,
1556 588 1685 642 dum
1715 588 1855 642 inter

151 663 395 719 homines
458 682 664 734 sumus,
725 663 963 717 colamus
1024 662 1437 730 humanitatem3
1499 679 1611 716 non
1670 662 1855 717 timori

154 739 426 810 cuiquam,
484 758 596 793 non
656 737 895 808 periculo
959 738 1149 807 simus,
1211 735 1550 804 detrimenta,
1617 737 1856 807 iniurias,

153 814 419 884 convicia,
466 812 833 868 vellicationes
883 815 1285 866 contemnamus
1336 811 1389 863 et
1433 827 1631 880 magno
1674 812 1853 866 animo

150 889 335 943 brevia
394 889 627 942 feramus
685 886 1048 940 incommoda:
1118 887 1245 940 dum
1304 883 1641 953 respicimus,
1711 886 1855 955 quod

154 963 326 1032 aiunt,
365 979 744 1030 versamusque
781 978 904 1030 nos,
942 960 1050 1015 iam
1088 959 1386 1015 mortalitas
1426 956 1607 1020 aderit.

302 1093 333 1139 6
364 1105 631 1150 expuemus.
664 1091 711 1136 L
749 1091 1007 1149 expuimus.
1031 1093 1079 1138 A
1119 1092 1137 1152 ΙΙ
1177 1091 1234 1136 11
1274 1090 1370 1135 iam
1404 1086 1670 1133 mortalitas
1702 1087 1856 1134 aderit

153 1154 414 1199 Pincianus
443 1150 760 1196 inmortalitas
789 1150 982 1196 adeRIT
1014 1152 1130 1197 AL.
1179 1150 1423 1207 Reliquam
1446 1148 1651 1205 paginae
1679 1152 1856 1204 partem

153 1214 206 1258 in
228 1213 276 1258 A
305 1212 578 1268 subscriptio
606 1211 753 1256 minio
777 1211 910 1268 picta
940 1212 1111 1268 explet,
1148 1212 1201 1255 in
1232 1212 1290 1254 13
1319 1220 1475 1253 versus
1503 1206 1678 1251 divisa:
1723 1206 1773 1250 L.
1798 1207 1853 1251 A.

133 1271 329 1330 *Senece
367 1269 443 1313 Ad
472 1269 713 1314 Nouatum
755 1267 838 1314 DE
868 1270 976 1314 IRA
1006 1269 1189 1315 LIBER
1220 1264 1478 1312 TERTIVS
1509 1263 1786 1309 EXPLICIT
1825 1270 1855 1321 †

153 1328 377 1376 INCIPIT
409 1329 493 1374 AD
525 1327 812 1374 MARCIAM
842 1329 924 1374 DE
958 1328 1082 1375 CON·
1111 1328 1182 1375 SO
1214 1328 1293 1372 LA
1325 1324 1425 1370 TIO
1456 1323 1541 1369 NE
1575 1358 1585 1368 .
1611 1358 1621 1369 .
1650 1358 1660 1369 .

1887 903 1930 936 10
