2034 3086
417 62 500 107 DE
533 60 924 108 CONSTANTIA
956 59 1272 105 SAPIENTIS
1305 59 1434 105 CAP.
1463 65 1502 104 9.
1535 65 1590 105 10
1789 64 1862 118 33

147 204 251 256 que
275 188 329 239 et
359 184 554 239 animis
585 186 639 237 et
677 182 896 237 auribus
936 181 1192 252 adsimm,
1231 182 1359 236 dum
1400 182 1613 252 sapiens
1638 182 1863 238 iniuriae

145 260 434 331 excipitur!
508 276 608 312 nec
656 258 947 328 quicquam
994 258 1115 311 ideo
1155 257 1485 328 petulantiae
1524 261 1733 312 vestrae
1771 262 1865 313 aut

143 333 505 406 rapacissimis
554 333 940 403 cupiditatibus
987 335 1081 386 aut
1129 350 1315 387 caecae
1353 333 1645 386 temeritati
1684 351 1866 404 super-

142 410 368 480 biaeque
422 407 744 462 detrahitur:
807 407 968 462 salvis
1015 407 1162 461 vitiis
1201 407 1394 461 vestris
1448 407 1582 462 haec
1636 409 1866 478 sapienti

142 486 360 539 libertas
401 483 690 554 quaeritur.
744 502 855 537 non
893 485 955 536 ut
993 482 1148 536 vobis
1195 482 1370 536 facere
1416 501 1529 536 non
1578 482 1739 537 liceat
1788 484 1866 538 in-

142 561 362 629 iuriam,
414 559 651 632 agimus,
704 558 797 612 sed
844 560 906 610 ut
952 557 1044 611 ille
1092 575 1278 611 omnes
1326 557 1550 611 iniurias
1597 558 1655 612 in
1694 559 1864 613 altum

142 634 392 689 demittat
422 634 788 705 patientiaque
821 651 876 686 se
902 651 964 686 ac
995 632 1369 705 magnitudine
1401 633 1569 687 animi
1599 633 1866 688 defendat.

142 710 220 764 sic
259 710 318 763 in
355 709 737 764 certammibus
778 708 942 762 sacris
974 709 1218 779 plerique
1249 708 1496 762 vicerunt
1527 709 1865 764 caedentium

141 803 333 839 manus
367 785 638 838 obstinata
662 784 922 854 patientia
945 784 1248 855 fatigando:
1281 803 1348 838 ex
1369 783 1476 837 hoc
1506 787 1642 854 puta
1671 803 1865 856 genere

141 861 439 931 sapientem
463 878 676 929 eorum,
707 859 801 928 qui
832 859 1214 912 exercitatione
1244 859 1412 930 longa
1442 877 1505 913 ac
1528 859 1677 913 fideli
1700 861 1866 914 robur

140 935 475 1006 perpetiendi
523 934 867 1003 lassandique
923 952 1138 987 omnem
1190 933 1467 988 inimicam
1516 934 1627 987 vim
1682 953 1865 989 conse-

141 1010 254 1064 cuti
292 1012 431 1062 sunt.

290 1083 355 1137 X.
395 1082 666 1148 Quoniam
720 1083 957 1153 priorem
1011 1086 1220 1152 partem
1275 1084 1736 1154 percucurrimus,
1796 1086 1864 1139 ad

140 1159 363 1212 alteram
403 1162 765 1228 transeamuS‚
797 1177 905 1228 qua
938 1158 1260 1227 quibusdam
1293 1158 1553 1228 propriis,
1591 1160 1863 1230 plerisque

140 1253 267 1288 vero
307 1234 686 1288 communibus
726 1233 1110 1287 contumeliam
1149 1233 1519 1287 refutabimus,
1574 1237 1657 1287 est
1687 1235 1865 1289 minor

139 1309 352 1378 iniuria,
375 1327 538 1379 quam
565 1308 717 1378 queri
748 1308 922 1380 magis
948 1326 1111 1377 quam
1137 1309 1330 1378 exequi
1361 1326 1669 1379 possumuS,
1699 1328 1862 1380 quam

137 1385 285 1456 leges
321 1402 537 1454 quoque
575 1383 727 1437 nulla
766 1383 985 1454 dignam
1025 1383 1265 1437 vindicta
1303 1387 1644 1454 putaverunt.
1717 1385 1864 1440 hunc

139 1460 391 1513 affectum
446 1462 630 1513 movet
682 1457 962 1512 humilitas
1019 1457 1186 1511 animi
1247 1458 1617 1512 contrahentis
1673 1478 1730 1513 se
1792 1461 1862 1514 ob

138 1534 343 1588 dictum
394 1533 600 1588 factum
647 1533 1091 1588 inhonorificum:
1138 1532 1250 1586 ‘ille
1297 1551 1383 1587 me
1422 1533 1583 1587 hodie
1622 1552 1735 1588 non
1773 1535 1862 1589 ad·

139 1610 312 1679 misit,
357 1627 482 1664 cum
534 1609 669 1663 alios
710 1608 1053 1678 admitteret’,
1092 1612 1145 1662 et
1184 1608 1505 1662 ‘sermonem
1546 1627 1728 1663 meum
1768 1604 1863 1665 aut

138 1685 367 1755 superbe
406 1687 681 1738 aversatus
721 1687 803 1738 est
841 1687 935 1738 aut
974 1685 1154 1755 palam
1205 1683 1359 1753 risit',
1397 1687 1450 1737 et
1490 1683 1619 1737 ‘non
1658 1684 1716 1738 in
1754 1704 1863 1740 me-

138 1760 228 1814 dio
284 1778 370 1813 me
422 1760 564 1813 lecto
620 1758 712 1812 sed
768 1759 825 1812 in
879 1758 989 1813 imo
1046 1758 1378 1828 collocavit',
1431 1762 1486 1812 et
1540 1759 1647 1813 alia
1698 1759 1861 1815 huius

138 1837 320 1903 notae,
360 1852 497 1905 quae
522 1834 651 1905 quid
676 1852 865 1888 vocem
889 1834 996 1888 nisi
1021 1834 1284 1904 querellas
1315 1834 1617 1889 nausiantis
1657 1836 1863 1890 animi?

138 1910 196 1963 in
235 1927 372 1980 quae
403 1910 515 1963 fere
547 1910 763 1964 delicati
794 1913 847 1964 et
871 1910 1052 1963 felices
1085 1908 1354 1980 incidunt;
1391 1929 1504 1964 non
1527 1914 1685 1964 vacat
1715 1911 1859 1966 enim

1896 725 1925 765 5

1898 1101 1922 1140 1

1895 1401 1922 1440 2

138 1984 271 2038 haec
308 1988 496 2038 notare
536 1985 622 2039 cui
663 1985 848 2054 peiora
878 1985 1096 2037 instant.
1150 1985 1320 2038 nimio
1362 1986 1474 2039 otio
1498 1985 1734 2070 ‘ingenia
1768 2005 1861 2040 na-
1891 2001 1919 2042 3

138 2062 261 2112 tura
299 2059 516 2112 infirma
554 2063 609 2112 et
647 2059 931 2113 muliebria
981 2062 1035 2113 et
1074 2059 1259 2130 inopia
1297 2078 1453 2114 verae
1492 2060 1719 2114 iniuriae
1757 2061 1861 2115 las·

138 2134 390 2188 civientia
426 2133 513 2187 his
546 2138 980 2204 commoventur,
1020 2153 1252 2205 quorum
1284 2153 1409 2204 pars
1443 2135 1616 2188 maior
1647 2139 1861 2190 constat

138 2209 271 2263 vitio
325 2209 743 2280 interpretantis.
820 2211 1003 2279 itaque
1056 2227 1156 2263 nec
1202 2209 1518 2279 prudentiae
1567 2210 1857 2280 quicquam

288 2356 314 2401 1
349 2357 397 2400 et
423 2362 531 2413 post
562 2356 733 2402 animis
765 2358 817 2401 in
847 2371 940 2402 ras.
967 2355 1036 2402 A³
1066 2355 1083 2417 ΙΙ
1112 2355 1142 2401 2
1174 2355 1281 2401 ideo
1313 2357 1430 2414 volq.
1456 2355 1576 2402 adeo
1602 2357 1648 2402 A
1670 2357 1688 2418 ΙΙ
1718 2356 1749 2403 4
1769 2358 1857 2404 hec

139 2417 183 2461 A
218 2418 226 2476 1
250 2417 275 2462 7
301 2416 516 2461 dimittat
541 2417 608 2462 A¹
633 2431 746 2462 corr.
767 2416 837 2462 A’
858 2418 863 2474 Ι
904 2416 934 2462 8
959 2416 1227 2462 cedentium
1246 2417 1291 2461 A
1314 2415 1331 2475 Η
1358 2415 1418 2461 10
1442 2430 1603 2462 eorum
1630 2417 1856 2475 <dico>

137 2475 240 2520 ..Ῑο
262 2477 439 2522 Malles·
468 2477 484 2535 Η
515 2475 570 2521 11
604 2477 852 2535 perpetien
888 2477 905 2521 i
930 2479 974 2523 A
1009 2476 1091 2534 (eti
1123 2491 1157 2522 8.
1175 2491 1215 2521 v
1234 2491 1289 2521 m
1309 2478 1356 2533 2)
1387 2476 1405 2537 ΙΙ
1436 2476 1495 2522 14
1519 2491 1616 2534 qua
1639 2488 1668 2523 ς
1691 2493 1788 2535 qua
1811 2481 1856 2524 A

139 2548 234 2591 qua
257 2536 354 2581 iam
380 2537 646 2582 Erasmus
634 2552 683 2581 in
711 2550 807 2594 qua
833 2539 994 2583 Muret
1023 2537 1040 2597 ΙΙ
1071 2537 1128 2582 15
1151 2535 1466 2582 refutabimus
1491 2548 1520 2582 ς
1542 2538 1856 2584 refutauimus

139 2596 184 2640 A
226 2595 243 2654 ΙΙ
284 2596 345 2640 16
383 2597 516 2657 queri
546 2598 591 2643 A
628 2598 633 2655 Ι
676 2597 910 2655 possimus
936 2599 1003 2643 A
996 2611 1127 2643 ·.corr
1164 2597 1238 2642 vol
1271 2597 1337 2657 ,ΙΙ
1381 2596 1441 2643 19
1475 2597 1656 2643 factum
1692 2600 1859 2657 scripsi

139 2654 270 2700 factu
294 2670 338 2713 q.
365 2658 427 2712 A,
450 2657 530 2703 sed
553 2672 597 2715 q.
622 2671 656 2703 8.
675 2672 715 2702 v.
734 2657 841 2703 add.
861 2657 931 2703 A’
954 2657 1191 2704 factumve
1331 2658 1403 2718 ΖΗ
1432 2657 1494 2703 20
1525 2661 1583 2703 cfi
1611 2658 1730 2717 ahos
1755 2659 1819 2704 ad
1846 2663 1851 2719 Ι

139 2717 189 2761 et
218 2729 477 2762 sermonem
504 2717 591 2772 A¹;
632 2718 685 2763 in
721 2718 813 2774 fine
845 2719 1023 2776 prioris
1052 2731 1209 2763 versus
1239 2717 1310 2763 A²
1347 2722 1432 2764 aut
1461 2718 1533 2765 A⁰
1562 2718 1775 2765 mitteret
1803 2720 1856 2765 in

139 2789 283 2835 my.
306 2776 413 2820 add.
440 2782 483 2821 et
504 2778 643 2823 initio
665 2779 892 2835 sequentis
914 2792 1072 2823 versus
1095 2779 1144 2822 et
1167 2791 1306 2834 eras„-
1329 2778 1477 2824 locum
1499 2785 1617 2825 recte
1639 2780 1856 2827 dahtinaeit

143 2834 327 2906 θεῖαι]
354 2835 410 2880 21
437 2850 492 2880 su
494 2835 639 2897 pei-be
663 2840 708 2883 A
777 2836 838 2882 28
862 2836 1096 2898 querellas
1113 2838 1159 2883 A
1182 2837 1199 2898 ΙΙ
1220 2837 1282 2883 24
1306 2851 1429 2895 quae
1446 2839 1492 2884 A
1517 2852 1635 2897 quas
1657 2841 1820 2887 Muret
1844 2841 1851 2900 1

141 2836 327 2940 dilium
350 2896 418 2941 A²
449 2909 564 2941 corr.
590 2911 648 2942 m.
673 2900 705 2942 2
778 2896 837 2942 27
869 2911 1068 2953 quorum
1101 2907 1129 2942 ς
1160 2911 1362 2956 quarum
1387 2899 1433 2944 A

231 2984 427 3022 smcu
450 2988 638 3022 onul.
660 2989 687 3021 1.
705 2987 763 3021 ed.
783 2988 851 3021 110
861 2997 955 3021 rom
1467 2993 1493 3034 3
