2034 3086
141 139 163 178 l

199 4 271 59 32
539 2 590 46 L.
614 0 854 46 ANNAEI
884 0 1161 45 SENECAE
1193 0 1351 46 DIAL.
1378 1 1490 47 LIB.
1516 1 1573 46 ΙΙ.

348 122 442 178 ΙΧ.
482 122 679 178 Omnia
730 124 913 192 itaque
961 121 1038 177 sic
1080 123 1289 193 'patitur
1334 126 1396 177 ut
1440 123 1633 178 hiemis
1679 124 1913 197 rigorem

199 203 253 252 et
297 198 766 270 intemperantiam
811 197 969 267 caeli,
1013 200 1075 251 ut
1113 198 1348 253 fervores
1387 200 1712 270 morbosque
1750 204 1804 254 et
1834 219 1916 256 ce-

197 278 313 328 tera
342 275 482 328 forte
514 273 832 342 accidentia,
860 291 960 327 nec
991 272 1056 327 de
1085 291 1357 343 quoquam
1389 277 1502 328 tam
1532 275 1666 328 bene
1698 275 1911 345 iudicat,

197 352 260 402 ut
297 349 453 403 illum
494 348 784 418 quicquam
823 351 978 418 putet
1015 349 1242 402 consilio
1280 349 1493 419 fecisse,
1533 350 1678 419 quod
1717 351 1773 404 in
1803 370 1912 405 uno

198 424 439 495 sapiente
466 427 561 478 est.
617 424 847 477 aliorum
880 422 1124 477 omm'um
1154 442 1267 477 non
1297 424 1545 494 consilia,
1576 425 1668 478 sed
1699 426 1912 480 fraudes

197 502 251 552 et
305 499 528 552 insidiae
575 501 629 551 et
682 502 863 552 motus
903 498 1207 552 animorum
1260 499 1524 554 inconditi
1577 502 1727 569 sunt,
1777 518 1912 571 quos

197 574 409 628 casibus
464 573 804 644 adnumerat3
859 591 1018 627 omne
1057 576 1237 627 autem
1276 574 1564 628 fortuitum
1618 574 1761 628 circa
1812 594 1911 629 nos

197 649 366 704 saevit
405 651 458 702 et
496 649 553 702 in
583 649 726 702 vih’a.

344 737 489 793 Hlud
536 757 752 810 quoque
779 737 1010 811 cogita,
1062 737 1380 793 iniuriarum
1424 739 1685 794 latissime
1730 743 1913 811 patere

195 814 475 869 materiam
515 816 574 869 in
612 815 720 868 illis
766 833 864 885 per
902 831 1038 884 quae
1076 813 1376 884 periculum
1413 815 1570 870 nobis
1611 815 1914 886 quaesitum

196 893 299 955 est,
338 893 400 944 ut
438 893 748 944 accusatore
788 889 1055 943 submisso
1095 892 1190 943 aut
1235 889 1607 945 criminatione
1646 891 1783 945 falsa
1821 894 1915 945 aut

196 965 418 1019 irritatis
468 965 527 1019 in
575 983 675 1019 nos
723 965 1090 1035 potentiorum
1139 963 1276 1018 odiis
1328 983 1570 1036 quaeque
1624 966 1730 1020 alia
1774 966 1915 1020 inter

195 1044 412 1113 togatos
450 1040 736 1095 latrocinia
774 1043 914 1094 sunt.
977 1044 1059 1094 est
1097 1043 1150 1093 et
1188 1040 1284 1094 illa
1321 1039 1518 1094 iniuria
1554 1042 1830 1112 frequens,
1868 1041 1914 1095 si

194 1117 407 1171 lucrum
442 1116 605 1170 alicui
636 1134 920 1170 excussum
954 1119 1035 1170 est
1066 1118 1160 1169 aut
1182 1115 1482 1186 praemium
1507 1116 1599 1170 diu
1623 1120 1915 1187 captatum,

196 1191 244 1244 si
273 1209 471 1263 magno
502 1191 687 1245 labore
718 1190 985 1245 adfectata
1014 1191 1281 1244 hereditas
1321 1210 1507 1245 aversa
1545 1195 1626 1245 est
1664 1195 1718 1245 et
1757 1210 1914 1261 quae-

195 1269 412 1321 stuosae
450 1265 644 1320 domus
682 1266 858 1338 gratia
896 1270 1091 1335 erepta.
1160 1266 1294 1320 haec
1332 1266 1523 1338 effugit
1561 1267 1772 1336 sapiens
1814 1263 1915 1337 'qui

194 1341 366 1396 nescit
413 1359 514 1396 nec
551 1342 609 1394 in
647 1359 799 1412 spem
836 1359 937 1395 nec
974 1341 1032 1394 in
1069 1343 1274 1395 metum
1313 1340 1504 1395 vivere.
1583 1341 1732 1396 adice
1769 1359 1915 1395 nunc

195 1416 342 1486 quod
380 1416 632 1470 iniuriam
670 1435 830 1470 nemo
862 1416 1070 1470 inmota
1107 1419 1286 1470 mente
1318 1416 1536 1486 accipit,
1575 1416 1664 1470 sed
1700 1416 1767 1469 ad
1798 1433 1914 1469 sen·

194 1509 316 1545 sum
366 1491 486 1545 eius'
531 1492 900 1562 perturbatur,
935 1494 1095 1546 caret
1147 1494 1327 1545 autem
1382 1491 1784 1562 perturbatione
1831 1490 1914 1544 vir

195 1569 410 1637 ereptus
449 1567 743 1637 erroribus,
797 1567 1105 1642 moderator
1144 1566 1251 1637 sui,
1300 1566 1439 1620 altae
1479 1565 1674 1637 quietis
1714 1569 1767 1620 et
1801 1567 1913 1636 pla-

194 1642 358 1696 cidae.
434 1661 561 1695 nam
617 1642 663 1696 si
715 1642 892 1714 tangit
937 1642 1094 1696 illum
1140 1642 1361 1712 iniuria,
1413 1645 1467 1696 et
1505 1644 1687 1695 movet
1725 1644 1778 1695 et
1815 1641 1913 1695 im-

192 1717 372 1788 pellit,
424 1720 570 1772 caret
615 1720 795 1771 autem
833 1717 915 1771 ira
952 1717 1188 1788 sapiens,
1235 1735 1396 1788 quam
1444 1716 1642 1771 excitat
1686 1715 1912 1770 iniuriae

195 1792 424 1862 species,
460 1811 559 1847 nec
599 1793 754 1846 aliter
792 1796 996 1847 careret
1034 1793 1114 1846 ira
1143 1792 1250 1846 nisi
1274 1795 1326 1846 et
1357 1791 1577 1862 iniuria,
1616 1810 1778 1862 quam
1811 1791 1912 1845 scit

195 1868 299 1921 sibi
343 1886 456 1921 non
505 1886 663 1938 posse
715 1868 846 1921 fieri.
923 1867 1047 1921 inde
1092 1871 1206 1921 tam
1252 1870 1459 1922 erectus
1498 1867 1777 1936 laetusque
1816 1868 1912 1935 est,

194 1942 318 1996 inde
358 1943 616 1997 continuo
656 1942 854 2014 gaudio
887 1943 1083 2009 elatus3
1115 1943 1247 1996 adeo
1281 1945 1460 1996 autem
1490 1942 1557 1996 ad
1589 1940 1910 1995 offensiones

194 2037 375 2071 rerum
405 2017 796 2088 hominumque
827 2037 939 2071 non
971 2017 1332 2087 contrahitur,
1361 2021 1423 2071 ut
1453 2017 1572 2087 ipsa
1602 2017 1685 2070 illi
1715 2015 1911 2069 iniuria

195 2093 318 2146 usui
358 2093 451 2163 sit,
489 2112 586 2163 per
625 2112 789 2164 quam
828 2093 1254 2163 experimentum
1287 2092 1371 2146 sui
1402 2092 1548 2163 capit
1578 2095 1632 2146 et
1654 2090 1909 2145 virtutem

195 2171 439 2238 temptat.
494 2169 793 2239 faveamuS,
833 2170 1052 2223 obsecro
1079 2186 1201 2238 vos,
1230 2168 1359 2222 huic
1389 2166 1671 2238 proposito
1704 2166 1909 2236 aequis-

347 2361 374 2405 1
406 2361 590 2418 hyemis
615 2362 661 2406 A
701 2362 718 2421 Η
762 2362 785 2406 7
820 2361 1102 2417 adnumerat
1132 2370 1161 2404 ς
1192 2360 1507 2404 adnumerant
1529 2360 1577 2404 A
1607 2358 1625 2419 ΙΙ
1654 2358 1684 2403 8
1714 2358 1766 2402 in
1795 2357 1909 2402 vilia

198 2421 399 2480 Madvig]
428 2421 598 2466 invitia
622 2422 668 2466 A
700 2421 751 2465 in
780 2421 956 2466 vicinia
987 2421 1073 2478 (vel
1095 2421 1146 2464 in
1168 2420 1340 2477 vicino)
1366 2419 1595 2465 Schultess
1635 2418 1778 2463 inrito
1803 2419 1908 2475 (—te)

198 2482 406 2527 Karsten
449 2481 669 2538 <sine>
704 2481 881 2526 iniuria
916 2481 1152 2527 Rossbach
1191 2480 1208 2540 Η
1248 2479 1279 2524 9
1311 2495 1343 2525 a
1371 2480 1522 2525 verbis
1559 2477 1683 2523 Illud
1721 2491 1908 2534 quoque

201 2541 338 2587 Gertz
369 2555 469 2598 cap.
497 2542 578 2586 IX
607 2543 812 2587 instituit
851 2541 868 2602 ΙΙ
909 2540 969 2586 10
1006 2541 1057 2585 in
1095 2541 1205 2586 add.
1239 2540 1438 2598 Madvig]
1485 2539 1490 2599 Ι
1537 2539 1774 2595 quesitum
1804 2539 1852 2583 A
1892 2537 1909 2597 Η

198 2601 257 2646 12
288 2601 410 2646 odiis
444 2602 644 2660 Madvig]
674 2602 815 2647 motis
847 2603 894 2647 A
926 2601 972 2706 Q
986 2600 1045 2646 14
1076 2600 1220 2645 alicui
1251 2600 1366 2659 volq.
1401 2598 1569 2654 alicui;
1602 2606 1665 2655 (=
1687 2597 1907 2655 alicuius)

198 2663 245 2706 A
286 2661 304 2722 Η
349 2661 408 2707 19
448 2662 525 2706 uir
567 2664 750 2707 erectus
795 2675 939 2707 error1
973 2676 1030 2706 us
1071 2660 1345 2705 moderatur
1383 2659 1480 2704 suis
1518 2660 1565 2705 A
1611 2672 1727 2705 corr.
1771 2657 1908 2703 Gertz

197 2727 406 2767 monente
423 2722 669 2781 Madviyio
693 2724 899 2780 (ereptus
916 2733 945 2766 ς
959 2721 1229 2766 moderator
1252 2721 1325 2765 sui
1345 2734 1430 2765 om.
1449 2718 1683 2765 erroribus
1699 2719 1875 2775 Muret)
1892 2717 1909 2777 Η

197 2780 255 2826 21
281 2782 486 2838 impellit
509 2783 706 2840 Bentley
729 2782 931 2839 impedit
948 2783 993 2827 A
1015 2781 1032 2841 ΙΙ
1061 2781 1122 2826 23
1145 2782 1275 2826 caret
1298 2780 1367 2826 A¹
1391 2794 1493 2825 corr
1522 2794 1568 2824 m
1596 2782 1628 2823 2
1649 2779 1666 2839 ΙΙ
1687 2777 1748 2823 24
1769 2791 1907 2835 posse

196 2844 230 2884 fi
262 2841 365 2887 fieri
388 2843 434 2888 A
466 2856 579 2888 corr.
604 2843 718 2901 voly.
751 2842 768 2903 Η
797 2842 857 2887 28
887 2842 1146 2902 plroposito
1171 2840 1314 2898 A²(?)
1336 2839 1541 2898 p}posit0
1567 2838 1637 2884 A¹

1947 835 1989 867 10

1946 1210 1988 1242 15

1945 1585 1988 1618 20

1943 1959 1985 1991 25
