2034 3086
198 60 268 114 96
532 58 581 103 L.
606 57 844 102 ANNAEI
873 56 1148 103 SENEcAE
1180 57 1337 103 DIAL.
1363 58 1577 105 LIB.1V.

199 180 252 233 di
307 180 639 234 immortales
647 221 663 249 ,
717 180 810 250 qui
863 197 963 233 nec
1011 176 1205 234 volunt
1258 180 1446 235 obesse
1499 200 1598 236 nec
1651 187 1902 253 possunt3

198 258 391 310 natura
439 255 582 309 enim
634 253 741 308 illis
788 254 935 308 mitis
983 257 1038 308 et
1082 255 1294 325 placida
1332 258 1436 325 est,
1473 260 1586 309 tam
1623 257 1785 329 longe
1823 277 1901 312 re-

198 333 348 384 mota
385 330 452 384 ab
492 329 668 383 aliena
705 330 901 383 iniuria
940 347 1102 399 quam
1141 349 1173 383 a
1211 348 1320 384 sua.
1399 331 1671 385 dementes
1718 333 1901 403 itaque

200 408 254 459 et
302 405 477 477 ignari
525 404 767 459 veritatis
814 405 922 458 illis
970 405 1242 474 imputant
1280 406 1559 460 saevitiam
1598 407 1782 477 maris,
1822 408 1902 462 in-

199 480 439 534 modicos
471 479 694 549 imbres,
730 479 1081 549 pertinaciam
1112 479 1329 550 hiemis,
1362 499 1485 535 cum
1517 482 1733 535 interim
1764 482 1902 536 nihil

197 555 392 609 horum
445 572 580 624 quae
629 553 787 608 nobis
835 557 1035 608 nocent
1071 558 1406 624 prosuntque
1445 554 1511 610 ad
1549 574 1648 610 nos
1687 558 1902 626 proprie

199 630 485 702 derigatur.
547 648 660 684 non
698 629 840 682 enim
880 647 980 684 nos
1021 647 1181 684 causa
1218 631 1420 685 mundo
1453 649 1638 685 sumus
1670 631 1900 685 hiemem

199 708 564 774 aestatemque
601 704 888 758 referendi:
954 722 1077 758 suas
1116 704 1222 758 ista
1257 705 1404 776 leges
1443 705 1668 775 habent,
1707 705 1901 775 quibus

199 779 380 833 divina
442 782 768 834 exercentur.
808 793 811 796 ·
860 779 1022 832 nimis
1084 797 1183 833 nos
1246 781 1589 851 suspicimus,
1652 781 1698 834 si
1752 781 1903 853 digni

198 854 355 909 nobis
408 854 654 908 videmur
702 857 925 924 propter
975 872 1109 924 quos
1159 857 1311 908 tanta
1358 860 1690 916 moveantur,
1765 855 1903 909 nihil

199 948 327 1002 ergo
359 929 554 983 horum
594 930 651 982 in
680 931 933 983 nostram
955 929 1203 983 iniuriam
1236 930 1322 999 fit,
1352 930 1518 985 immo
1548 934 1736 985 contra
1765 930 1903 984 nihil

198 1024 309 1059 non
360 1004 426 1058 ad
477 1005 720 1059 salutem.
806 1005 1066 1075 quaedam
1107 1021 1223 1058 esse
1263 1005 1495 1060 diximus
1537 1024 1672 1076 quae
1710 1024 1902 1060 nocere

198 1098 308 1134 non
357 1080 594 1150 possint,
633 1079 894 1149 quaedam
935 1097 1071 1150 quae
1109 1079 1300 1133 nolint.
1378 1081 1435 1134 in
1473 1081 1538 1135 iis
1578 1084 1736 1135 erunt
1773 1081 1901 1135 boni

199 1155 545 1226 magistratus
599 1157 955 1224 parentesque
1019 1158 1074 1208 et
1134 1158 1508 1226 praeceptores
1571 1159 1625 1210 et
1686 1156 1903 1225 iudiceS,

200 1248 429 1300 quorum
486 1229 768 1301 castigatio
825 1231 902 1284 sic
953 1229 1264 1300 accipienda
1313 1234 1395 1285 est
1445 1230 1717 1301 quomodo
1773 1232 1903 1285 scal-

198 1306 402 1374 pellum
442 1307 497 1358 et
534 1304 860 1358 abstinentia
899 1308 953 1358 et
991 1305 1096 1358 alia
1135 1323 1271 1375 quae
1314 1305 1598 1376 profutura
1634 1309 1903 1375 torquent.

200 1379 377 1434 affecti
416 1397 601 1433 sumus
640 1398 836 1450 poena:
887 1383 1164 1434 succurrat
1200 1398 1311 1433 non
1348 1384 1561 1434 tantum
1602 1380 1731 1449 qnid
1770 1381 1906 1450 pati-

200 1473 376 1523 amur,
415 1455 507 1508 sed
548 1455 677 1524 quid
715 1454 1024 1525 fecerimus,
1063 1455 1120 1508 in
1159 1456 1443 1509 consilium
1484 1455 1548 1509 de
1579 1454 1692 1509 vita
1721 1457 1906 1508 nostra

202 1530 504 1599 mittamur3
540 1531 585 1583 si
617 1529 778 1583 modo
810 1549 997 1584 verum
1030 1530 1134 1600 ipsi
1165 1530 1322 1584 nobis
1355 1530 1530 1584 dicere
1561 1531 1907 1599 voluerimuS,

200 1605 370 1675 pluris
409 1605 562 1658 litem
601 1608 841 1659 nostram
882 1605 1298 1659 aestimabimus.

349 1693 597 1747 XXVIII.
656 1693 714 1748 Si
749 1696 998 1749 volumus
1031 1696 1189 1765 aequi
1218 1714 1396 1749 rerum
1430 1695 1672 1748 omnium
1705 1695 1906 1749 iudices

203 1787 339 1839 esse,
387 1769 493 1823 hoc
542 1770 778 1839 primum
825 1770 981 1824 nobis
1029 1770 1467 1840 persuadeamus,
1504 1770 1774 1824 neminem
1813 1788 1907 1823 no·

203 1848 373 1898 strum
425 1862 540 1898 esse
590 1845 704 1899 sine
756 1846 937 1915 culpa3
983 1845 1110 1899 hinc
1149 1847 1292 1899 enim
1332 1846 1567 1899 maxima
1606 1845 1905 1917 indignatio

204 1920 395 1972 oritur:
479 1919 641 1972 enihil
695 1921 941 1990 peccavi'
997 1924 1051 1974 et
1106 1919 1266 1973 ‘nihil
1319 1919 1457 1974 feci.'
1549 1921 1714 1973 immo
1769 1920 1907 1972 nihil

1935 877 1978 909 10

1937 1251 1978 1284 15

1940 1625 1983 1657 20

202 1994 407 2047 fateris!
475 1994 819 2065 indignamur
850 1996 1031 2064 aliqua
1062 1995 1427 2049 admonitione
1460 1998 1554 2048 aut
1585 1995 1906 2049 coercitione
1938 2013 1980 2044 25

203 2087 301 2123 nos
342 2071 631 2140 castigatos
642 2111 657 2139 ,
696 2088 817 2124 cum
858 2071 952 2124 illo
993 2071 1111 2141 ipso
1150 2073 1393 2140 tempore
1425 2087 1730 2140 peccemus,
1763 2069 1906 2138 quod

143 2157 157 2176 ‘
204 2144 462 2198 adicimus
495 2145 792 2198 malefactis
825 2145 1196 2217 adrogantiam
1229 2149 1284 2199 et
1315 2146 1722 2199 contumaciam.
1786 2145 1905 2213 quis

205 2222 286 2272 est
324 2220 424 2272 iste
466 2220 557 2288 qui
599 2237 654 2273 se
690 2221 976 2289 profitetur
1007 2221 1256 2274 omnibus
1287 2221 1498 2291 legibus
1531 2218 1908 2273 innocentem?

203 2297 264 2347 ut
302 2295 406 2348 hoc
445 2294 520 2347 ita
560 2296 653 2363 sit,
693 2313 853 2363 quam
894 2298 1122 2367 angusta
1160 2295 1468 2349 innocentia
1507 2298 1588 2348 est
1627 2295 1691 2347 ad
1731 2294 1904 2365 legem

356 2471 379 2515 7
426 2471 660 2529 dirigatur
696 2473 740 2516 L
781 2478 834 2517 ut
874 2474 988 2531 voly
1032 2473 1309 2530 derigantur
1343 2474 1389 2517 A
1430 2473 1446 2530 Η
1490 2473 1519 2516 9
1552 2471 1713 2527 <vi>
1747 2471 1905 2515 divina

205 2531 427 2588 Μαᾶυιῃ,
461 2546 608 2590 mizyes
638 2533 794 2588 placet
825 2533 946 2589 quod
980 2532 1115 2578 Gertz
1138 2533 1383 2590 proposuit
1414 2531 1574 2575 divina
1608 2531 1903 2587 <omnia>3

203 2591 281 2635 sed
322 2591 428 2645 fort.
467 2592 541 2636 hic
579 2606 752 2648 quoque
783 2592 952 2637 Seneca
987 2593 1296 2650 neyleqe‘ntius
1325 2593 1510 2649 scripsit
1549 2592 1565 2651 Η
1607 2591 1663 2635 11
1706 2604 1816 2648 ergo
1855 2593 1907 2635 in

203 2664 294 2694 ras.
328 2650 410 2706 A⁵,
442 2665 498 2695 ex
528 2651 597 2696 Α1
626 2654 860 2709 scriptura
890 2658 1070 2698 tantum
1101 2666 1126 2697 e
1157 2658 1299 2698 restat
1345 2654 1348 2680 ¹
1389 2658 1497 2708 post
1535 2653 1696 2695 contra
1735 2652 1787 2695 in
1817 2652 1907 2706 fine

204 2724 359 2754 versus
404 2712 566 2756 vocula
609 2726 741 2756 erasa
783 2718 868 2768 est,
912 2726 1026 2769 quae
1068 2713 1191 2757 linea
1230 2711 1388 2768 persor
1389 2717 1470 2756 ata
1508 2716 1606 2756 erat
1651 2712 1666 2769 ΙΙ
1711 2710 1771 2755 13
1801 2716 1907 2767 post

205 2770 387 2825 possint
423 2771 559 2815 Gertz
588 2771 694 2826 fort.
727 2777 843 2816 reete
875 2773 984 2816 sunt
1015 2772 1122 2817 add.
1173 2773 1176 2830 Ι
1223 2770 1394 2815 nollint
1425 2771 1507 2825 Al,
1539 2772 1674 2828 prior
1704 2770 1721 2813 1
1745 2775 1907 2827 postea

206 2843 339 2874 erasa
370 2835 434 2874 est
468 2831 472 2887 ξ
509 2831 567 2874 iis
592 2832 638 2875 A
669 2831 742 2874 his
774 2833 887 2889 voly.
919 2833 935 2890 Η
965 2831 1025 2876 24
1049 2832 1216 2875 oritur:
1250 2831 1370 2874 nihil
1392 2832 1555 2886 interp.
1585 2830 1721 2876 Gertz
1745 2830 1904 2874 oritur.

206 2888 337 2933 Nihil
368 2890 481 2947 voly.
514 2890 530 2950 Η
562 2889 624 2934 26
656 2891 780 2947 quod
807 2893 909 2936 AL
942 2905 1033 2947 quo
1066 2892 1177 2949 voly.
1212 2893 1423 2948 tempore
1455 2890 1540 2935 del.
1568 2891 1727 2935 Haase
