2034 3086
237 37 342 90 118
573 34 623 79 L.
649 4 886 79 ANNAEI
918 32 1192 79 SENECAE
1225 33 1381 79 DIAL.
1406 34 1517 80 ΜΒ.
1542 33 1599 79 v.

232 156 595 210 blandientem
633 156 826 209 ferent:
863 156 1002 209 nihil
1033 169 1281 225 asperum
1311 157 1663 226 territumque
1694 157 1935 226 palpanti

174 243 200 283 8
233 234 326 285 est.
405 230 652 301 quotiens
699 230 993 300 disputatio
1044 231 1260 302 longior
1298 234 1352 283 et
1388 231 1685 302 pugnacior
1719 231 1838 300 erit,
1880 231 1937 285 in

232 306 408 375 prima
444 304 771 374 resistamus,
809 308 1095 375 antequam
1135 305 1358 367 <robur
1395 306 1622 375 accipiat
1634 313 1705 366 z>
1746 305 1842 359 alit
1880 323 1935 359 se

233 381 351 450 ipsa
390 379 662 434 contentio
703 383 756 433 et
794 380 1053 434 demissos
1102 380 1261 434 altius
1299 382 1467 449 tenet3
1511 380 1722 435 facilius
1761 383 1842 434 est
1880 399 1936 434 se

233 474 264 507 a
302 454 591 509 certamine
630 455 894 509 abstinere
934 473 1096 524 quam
1134 455 1408 508 abducere.
1616 473 1619 477 ·

381 542 473 597 IX.
536 542 726 598 Studia
773 561 986 613 quoque
1032 546 1279 615 graviora
1325 543 1592 598 iracundis
1643 544 1938 598 omittenda

234 622 362 671 sunt
398 622 491 671 aut
530 621 672 673 certe
711 620 846 672 citra
882 619 1253 672 lassitudinem
1293 619 1599 688 exercenda,
1636 623 1689 673 et
1727 620 1936 673 animus

231 711 342 746 non
379 694 519 746 inter
555 694 715 763 plura
743 694 1051 763 versandus,
1089 694 1181 748 sed
1220 693 1423 747 artibus
1462 694 1699 748 amoenis
1729 695 1938 748 traden-

233 769 356 822 dus:
393 768 567 823 lectio
594 768 751 821 illum
789 769 1087 822 carminum
1128 767 1364 822 obleniat
1401 770 1455 820 et
1483 767 1710 821 historia
1739 769 1937 823 fabulis

233 843 490 912 detineat3
536 843 753 896 mollius
808 843 1193 912 delicatiusque
1238 845 1510 896 tractetur.
1603 841 1936 914 Pythagoras

232 917 659 987 perturbationes
723 919 889 971 animi
948 919 1067 987 lyra
1135 918 1512 987 componebat3
1578 917 1698 986 quis
1760 922 1937 972 autem

233 994 447 1063 ignorat
474 992 640 1046 lituos
673 996 726 1045 et
755 993 911 1046 tubas
943 994 1335 1045 concitamenta
1365 1010 1495 1063 esse,
1517 991 1656 1044 sicut
1679 992 1938 1061 quosdam

234 1069 420 1121 cantus
459 1067 841 1134 blandimenta,
880 1067 1075 1135 quibus
1112 1085 1260 1119 mens
1299 1065 1634 1120 resolvatur?
1702 1066 1938 1120 confusis

234 1142 403 1195 oculis
442 1145 672 1210 prosunt
707 1141 937 1194 virentia
975 1143 1028 1193 et
1067 1141 1386 1210 quibusdam
1418 1140 1687 1195 coloribus
1727 1141 1940 1194 infirma

234 1217 372 1270 acies
397 1216 709 1285 adquiescit,
733 1215 1069 1285 quorundam
1094 1215 1375 1286 splendore
1398 1215 1831 1287 praestringitur:
1862 1216 1940 1269 sic

233 1293 438 1344 mentes
478 1309 663 1361 aegras
711 1290 888 1343 studia
931 1291 1073 1344 laeta
1119 1292 1463 1361 permulcent.
1541 1291 1743 1360 forum,
1781 1290 1940 1344 advo-

234 1365 493 1433 cationes,
538 1364 737 1418 iudicia
782 1365 966 1436 fugere
1013 1366 1265 1420 debemus
1305 1369 1358 1420 et
1401 1367 1583 1420 omnia
1620 1384 1755 1436 quae
1794 1367 1939 1420 exul·

235 1442 417 1493 cerant
476 1439 691 1508 vitium,
754 1458 920 1510 aeque
989 1459 1174 1494 cavere
1234 1441 1606 1495 lassitudinem
1675 1441 1939 1511 corporis3

234 1514 504 1569 consumit
557 1515 700 1568 enim
758 1515 1021 1584 quidquid
1067 1515 1124 1568 in
1169 1516 1326 1569 nobis
1379 1516 1509 1569 mite
1560 1516 1938 1586 placidumque

234 1593 315 1643 est
345 1592 399 1658 et
428 1590 570 1643 acria
609 1590 858 1643 concitat.
919 1589 1039 1642 ideo
1080 1589 1274 1658 quibus
1313 1590 1621 1644 stomachus
1661 1594 1938 1660 suspectus

234 1666 338 1731 est,
383 1664 687 1732 processuri
733 1663 799 1716 ad
846 1682 930 1718 res
978 1664 1209 1735 agendas
1256 1665 1473 1717 maioris
1519 1665 1726 1736 negotii
1774 1665 1938 1718 bilem

235 1737 354 1790 cibo
404 1740 729 1806 temperant,
781 1756 942 1807 quam
993 1740 1226 1792 maxime
1275 1742 1457 1793 movet
1505 1739 1776 1810 fatigatio,
1827 1739 1938 1792 sive

235 1812 362 1881 quia
415 1811 648 1865 calorem
701 1811 759 1864 in
813 1813 988 1866 media
1041 1813 1320 1884 compeHit
1372 1817 1426 1868 et
1476 1817 1635 1872 nocet
1688 1814 1938 1886 sanguini

234 1903 557 1955 cursumque
617 1887 731 1939 eius
792 1889 941 1942 venis
1002 1888 1371 1943 laborantibus
1425 1889 1588 1958 sistit,
1650 1890 1762 1943 sive
1813 1889 1939 1958 quia

234 1979 430 2030 corpus
469 1961 816 2015 adtenuatum
856 1966 909 2016 et
947 1963 1222 2017 infirmum
1261 1963 1525 2018 incumbit
1555 1965 1759 2034 anim03
1797 1967 1937 2017 certe

235 2035 302 2088 ob
358 2035 580 2089 eandem
635 2054 849 2091 causam
900 2038 1261 2092 iracundiores
1317 2042 1444 2092 sunt
1490 2038 1795 2092 valetudine
1845 2042 1939 2092 aut

234 2113 405 2164 aetate
456 2110 598 2164 fessi.
674 2111 842 2165 fames
891 2130 1104 2182 quoque
1155 2116 1210 2166 et
1259 2112 1376 2166 sitis
1427 2131 1493 2166 ex
1540 2113 1710 2167 isdem
1762 2113 1936 2167 causis

232 2185 450 2238 vitanda
481 2188 583 2239 est:
614 2189 892 2255 exasperat
922 2189 976 2239 et
1006 2187 1243 2242 incendit
1273 2187 1495 2242 animos.
1547 2191 1701 2242 vetus
1732 2187 1936 2241 dictum

234 2262 315 2312 est
353 2279 384 2312 a
413 2261 556 2314 lasso
595 2261 768 2314 rixam
809 2262 1015 2330 quaeri3
1053 2280 1220 2332 aeque
1259 2264 1436 2315 autem
1476 2265 1530 2315 et
1568 2263 1634 2316 ab
1673 2262 1937 2316 esuriente

383 2434 410 2479 1
434 2436 745 2494 territumque
767 2437 836 2492 A,
861 2436 981 2494 quod
1003 2443 1131 2483 teneo
1153 2452 1256 2484 cum
1282 2438 1455 2483 Vahlen
1483 2438 1654 2495 (praef.
1679 2438 1747 2484 ed.
1772 2438 1936 2494 Koch.)

233 2500 275 2540 et
304 2495 406 2540 Joh.
434 2496 611 2540 Maller
643 2498 768 2553 (Ber.
794 2498 838 2542 d.
861 2498 1007 2543 Wien.
1024 2498 1176 2543 Akad.
1205 2498 1432 2543 CXVIII
1450 2511 1500 2554 p.
1526 2499 1600 2554 19)
1623 2498 1936 2553 tetricumque

233 2555 403 2611 Haupt
443 2557 766 2613 serratumque
806 2557 1006 2616 Madvig]
1046 2557 1381 2614 horridumque
1424 2557 1707 2603 Cornelissen
1750 2556 1767 2617 ΙΙ
1814 2556 1844 2601 2
1885 2556 1935 2599 in

231 2615 387 2670 prima
416 2614 490 2658 ira
520 2615 792 2660 resistamus
823 2630 959 2674 prop.
994 2617 1235 2662 Klammer
1274 2617 1279 2677 Ι
1332 2616 1362 2661 3
1401 2618 1655 2673 antequam
1686 2615 1828 2661 robur
1859 2628 1935 2659 ac-

234 2674 395 2731 cipiat.
444 2674 534 2719 alit
555 2675 601 2720 L
631 2681 673 2720 et
702 2676 817 2734 voly.
852 2678 1107 2734 antequam
1139 2676 1227 2721 alit
1334 2677 1351 2736 ΙΙ
1392 2675 1422 2721 4
1453 2676 1679 2722 demissos
1716 2677 1832 2734 voly.
1865 2675 1935 2718 di-

231 2734 397 2779 missos
421 2735 469 2780 A
498 2733 526 2837 'i
544 2734 574 2779 8
604 2734 866 2792 interplura
889 2737 936 2781 A
966 2736 1091 2782 inter
1114 2736 1234 2780 dura
1265 2737 1402 2782 Gertz
1430 2737 1536 2792 fort.
1555 2742 1673 2783 reete
1701 2735 1718 2795 ΙΙ
1746 2735 1777 2780 9
1799 2733 1934 2779 fabu-

232 2793 291 2837 lis
314 2794 361 2839 A
392 2793 508 2838 fabu
528 2794 622 2838 aris
646 2795 840 2851 Lipsius
876 2795 893 2854 Η
931 2795 989 2839 15
1019 2796 1385 2854 praestringitur
1407 2796 1452 2841 L
1482 2802 1535 2842 ut
1563 2797 1677 2853 voly.
1709 2794 1933 2853 prestrin-

233 2855 408 2909 guntur
431 2854 477 2898 A
508 2852 525 2912 ΙΙ
554 2852 613 2898 23
646 2853 993 2911 comcompellit
1015 2857 1061 2900 A

1970 862 2010 895 10

1970 1232 2013 1266 15

1969 1606 2014 1638 20

1968 1977 2014 2011 25
