2028 3106
80 883 124 916 10

79 1257 122 1290 15

358 69 442 114 AD
475 65 795 114 POLYBIVM
825 66 907 110 DE
940 64 1405 112 CONSOLATIONE
1438 64 1568 112 CAP.
1595 70 1649 111 13
1750 67 1860 121 329

301 190 447 246 XIII
525 187 665 260 [32]
704 186 934 241 Abstine
972 187 1039 241 ab
1078 189 1184 243 hoc
1222 206 1413 242 manus
1445 191 1591 259 tuas,
1628 188 1918 257 fortuna,1

151 286 251 322 nec
288 267 347 321 in
384 266 491 320 isto
530 262 831 334 potentiam
869 265 1017 316 tuam
1054 264 1161 318 nisi
1200 281 1263 316 ea
1299 266 1476 332 parte,
1516 282 1623 334 qua
1653 263 1864 334 prodes,

146 333 471 397 ostenderis!
531 340 715 408 patere
753 336 910 389 illum
948 338 1131 407 generi
1168 338 1453 391 humano
1437 356 1545 392 lam
1577 339 1670 392 diu
1700 354 1862 409 aegro

152 421 207 471 et
267 416 460 470 affecto
522 411 744 480 mederi,
804 414 989 480 patere
1042 411 1299 482 quicquid
1352 411 1547 481 prioris
1601 412 1863 483 principis

153 492 306 545 furor
342 486 616 542 concussit
652 486 712 539 in
749 502 907 539 suum
945 486 1126 541 locum
1163 486 1445 542 restituere
1485 505 1547 541 ac
1583 487 1864 557 reponere!

153 566 302 620 sidus
339 563 445 616 hoc
451 605 466 632 ,
506 560 654 632 quod
690 559 1045 631 praecipitato
1084 561 1143 616 ιιι
1172 560 1503 633 profundum
1536 564 1590 615 et
1621 562 1863 616 demerso

154 641 211 693 in
234 637 483 692 tenebras
507 635 626 691 orbi
647 635 886 704 refulsit,
917 652 1126 706 semper
1146 636 1348 691 luceat!
1409 634 1500 690 hic
1524 633 1865 690 Germaniam

153 716 333 784 pacet,
379 710 719 766 Britanniam
758 710 987 781 aperiat,
1024 715 1078 765 et
1114 712 1321 783 patrios
1359 709 1666 780 triumphos
1706 710 1867 764 ducat

154 791 208 842 et
260 806 454 842 novos.
508 804 741 857 quorum
795 803 881 839 me
936 802 1148 856 quoque
1203 788 1563 858 spectatorem
1606 784 1866 870 futurum,

155 881 292 933 quae
322 882 389 917 ex
419 862 711 916 virtutibus
735 860 851 915 eius
875 859 1108 930 primum
1133 862 1345 932 optinet
1366 862 1566 929 locum,
1595 858 1868 930 promittit

155 938 453 993 clementia.
528 955 631 991 nec
668 936 813 990 enim
852 935 931 988 sic
969 953 1054 988 me
1092 937 1308 1006 deiecit,
1346 939 1408 990 ut
1444 935 1619 990 nollet
1649 933 1870 1006 erigere,

155 1013 320 1068 immo
366 1031 436 1067 ne
483 1010 678 1065 deiecit
724 1008 967 1080 quidem,
1013 1011 1103 1064 sed
1150 1012 1446 1082 impulsum
1487 1030 1519 1064 a
1556 1010 1777 1064 fortuna
1815 1011 1870 1063 et

154 1089 431 1143 cadentem
472 1085 733 1140 sustinuit
769 1087 824 1138 et
862 1084 919 1137 in
956 1102 1210 1157 praeceps
1249 1089 1466 1140 euntem
1503 1085 1698 1140 leniter
1737 1083 1870 1138 divi·
1899 1085 1902 1087 “

152 1183 252 1218 nae
298 1180 490 1217 manus
536 1177 668 1214 usus
708 1158 1073 1214 moderatione
1112 1161 1384 1231 deposuit.
1431 1161 1747 1232 deprecatus
1787 1161 1870 1214 est

152 1257 252 1310 pro
298 1256 386 1292 me
432 1238 678 1290 senatum
718 1237 775 1288 et
810 1233 978 1287 vitam
1016 1235 1151 1290 mihi
1188 1255 1301 1290 non
1336 1238 1550 1290 tantum
1590 1235 1738 1289 dedit
1775 1233 1869 1288 sed

154 1314 316 1368 etiam
355 1313 507 1382 petit.
585 1309 803 1364 viderit.
843 1309 1057 1395 qualem
1089 1311 1236 1365 volet
1267 1329 1405 1381 esse,
1445 1310 1716 1365 existimet
1746 1327 1870 1364 cau-

154 1406 269 1442 sam
330 1403 531 1454 meam3
592 1386 680 1439 vel
740 1383 950 1438 iustitia
1011 1385 1124 1440 eius
1185 1386 1384 1440 bonam
1438 1385 1730 1455 perspiciat
1783 1385 1871 1438 vel

155 1460 442 1516 clementia
478 1458 645 1514 faciat
681 1459 906 1514 bonam:
944 1461 1233 1530 utrumque
1271 1460 1330 1514 in
1368 1478 1541 1529 aequo
1581 1458 1716 1512 mihi
1755 1458 1869 1513 eius

154 1534 478 1590 beneficium
525 1534 650 1604 erit,
696 1534 809 1588 sive
848 1534 1189 1590 innocentem
1228 1554 1314 1589 me
1354 1534 1537 1588 scierit
1574 1552 1713 1604 esse,
1759 1533 1871 1587 sive

156 1608 402 1665 voluerit
480 1608 696 1663 interim
746 1627 1006 1680 magnum
1055 1610 1394 1664 miseriarum
1444 1626 1686 1662 mearum
1735 1608 1871 1662 sola-

157 1685 302 1741 cium
349 1686 432 1738 est
477 1682 658 1739 videre
696 1683 1118 1740 misericordiam
1160 1685 1275 1739 eius
1314 1686 1493 1737 totum
1533 1680 1732 1738 orbem
1754 1701 1872 1753 per-

156 1762 467 1832 vagantem.
515 1776 652 1828 quae
699 1778 822 1814 cum
862 1777 929 1814 ex
966 1758 1084 1829 ipso
1124 1759 1326 1831 angulo
1335 1800 1350 1828 ‚
1396 1758 1455 1811 in
1494 1776 1602 1829 quo
1642 1776 1744 1832 ego
1784 1758 1871 1813 de-

156 1837 298 1890 fixus
350 1851 494 1901 sum,
544 1835 851 1904 complures
902 1834 1197 1889 multorum
1249 1835 1357 1887 iam
1404 1851 1669 1888 annorum
1715 1834 1872 1889 ruina

158 1910 384 1965 obrutos
423 1906 670 1964 effoderit
708 1912 764 1964 et
801 1909 859 1962 in
896 1908 1073 1963 lucem
1110 1907 1408 1977 reduxerit,
1443 1926 1556 1963 non
1586 1928 1774 1964 vereor
1802 1928 1871 1964 ne

158 2003 244 2040 me
290 2000 461 2037 unum
499 1985 750 2038 transeat.
830 1984 946 2054 ipse
984 1988 1162 2039 autem
1206 1982 1411 2055 optime
1448 1983 1602 2038 novit
1639 1988 1873 2055 tempus,

159 2077 268 2131 quo
300 2058 497 2143 cuique
521 2058 713 2113 debeat
736 2076 1069 2129 succurrere3
1099 2078 1201 2133 ego
1227 2076 1444 2113 omnem
1469 2077 1688 2129 operam
1714 2059 1870 2129 dabo,

158 2153 227 2190 ne
272 2132 554 2204 pervenire
600 2134 668 2187 ad
705 2152 792 2188 me
831 2133 1125 2189 erubescat.
1204 2152 1236 2188 o
1275 2133 1490 2188 felicem
1529 2134 1871 2190 clementiam
1901 2147 1931 2186 4

157 2213 334 2279 tuam,
374 2205 591 2278 Caesar,
629 2226 766 2278 quae
805 2208 997 2278 efficit,
1035 2212 1096 2263 ut
1135 2208 1456 2280 quietiorem
1488 2209 1588 2264 sub
1620 2213 1674 2264 te
1706 2212 1873 2282 agant

157 2285 326 2339 vitam
375 2282 581 2352 exules,
629 2302 791 2353 quam
838 2302 1011 2355 nuper
1057 2284 1158 2339 sub
1199 2281 1332 2339 Gaio
1381 2301 1538 2356 egere
1577 2285 1871 2356 principes!

307 2415 338 2462 8
367 2416 511 2474 pacet
539 2414 655 2473 vola.
687 2415 848 2473 placet
882 2417 921 2462 O
955 2417 960 2474 Ι
995 2417 1175 2474 patrios
1199 2417 1306 2462 DE
1333 2421 1376 2462 et
1400 2416 1457 2462 H
1481 2418 1533 2463 in
1556 2432 1701 2477 vum-9.
1734 2418 1872 2474 pater

159 2477 266 2522 ΒΗ
273 2477 316 2523 V
339 2478 563 2535 paternos
594 2488 717 2520 unus
750 2476 942 2522 Gruter-i
977 2431 1027 2535 {lp
1031 2476 1091 2522 10
1122 2476 1308 2535 optinet
1338 2474 1473 2534 (obt.)
1504 2478 1631 2524 codd.
1665 2478 1798 2523 Pinc.
1832 2480 1874 2520 et

163 2491 373 2583 Grutmp
382 2534 576 2581 unusB
607 2549 664 2579 m.
689 2538 723 2580 2
752 2541 794 2581 et
823 2537 938 2582 vol.
972 2550 999 2580 o
1003 2491 1222 2594 porteth
1267 2537 1272 2592 Ι
1314 2535 1372 2581 13
1410 2534 1651 2583 leniterB
1682 2551 1739 2582 m.
1765 2535 1880 2580 211

161 2594 331 2643 leuiter
362 2594 515 2642 BDE
525 2595 568 2639 V
597 2594 615 2652 ΙΙ
657 2593 715 2639 lc
744 2596 867 2653 petit
941 2596 1048 2642 ΕΗ
1079 2596 1222 2654 petiit
1297 2596 1342 2641 B
1374 2611 1432 2642 m.
1456 2600 1488 2643 2
1522 2598 1527 2657 Ι
1564 2601 1671 2655 post
1700 2593 1873 2638 viderit

161 2656 328 2761 mz
358 2655 966 2772 ἕῑῑῖίήθὲἕέζέοὲἆωὸῗκ
987 2611 1111 2775 ῖῖᾱέζ
1128 2656 1568 2790 ἱΐῖἑὲῒὲὲὲεὶίο
1563 2611 1796 2769 {3¹53}
1820 2653 1874 2758 ,ἐξ

162 2773 245 2819 hoc
274 2790 331 2821 m.
359 2780 385 2821 1
416 2776 662 2833 scripserat
694 2775 848 2833 agelo)
881 2789 936 2821 ex
967 2776 1071 2834 ipso
1103 2777 1192 2822 hoc
1224 2775 1398 2834 angulo
1423 2776 1528 2822 DE
1568 2776 1573 2833 1
1621 2772 1800 2817 defixus
1836 2774 1874 2819 O

164 2832 375 2879 defossus
400 2836 662 2881 Pincianus
690 2834 707 2893 ΙΙ
736 2834 796 2880 26
819 2850 911 2892 quo
944 2836 1114 2893 cuique
1145 2836 1259 2895 volq.
1294 2848 1540 2893 quocuque
1577 2833 1615 2879 Ο
1643 2832 1660 2891 ΙΙ
1690 2830 1750 2877 28
1774 2832 1872 2877 effi-

165 2892 231 2937 cit
255 2894 357 2938 DE
386 2894 545 2940 effecit
569 2894 675 2940 BH

1927 256 1949 295 ᾗ
1972 260 2016 288 2*
