2034 3086
108 1226 134 1265 2

165 47 233 102 88
490 44 539 88 L.
565 43 801 88 ANNAEI
833 42 1107 88 SENECAE
1138 43 1296 89 DIAL.
1322 43 1434 89 LIB.
1458 42 1536 88 IV.

164 169 268 235 est,
307 166 352 219 si
388 165 527 218 nihil
563 165 728 218 habet
766 164 845 217 ira
881 165 1162 218 valentius.
1222 182 1322 218 nec
1352 165 1616 219 latronem
1649 169 1863 236 oportet

164 258 278 294 esse
331 257 430 293 nec
482 240 759 309 praedam,
814 257 913 293 nec
967 239 1364 293 misericordem
1417 258 1517 294 nec
1571 241 1861 294 crudelem:

163 316 308 368 illius
362 314 523 368 nimis
579 314 758 368 mollis
814 314 1047 383 animus,
1106 314 1267 368 huius
1326 314 1486 368 nimis
1541 314 1705 368 durus
1759 319 1862 384 est3

163 392 491 460 temperatus
542 390 614 443 sit
663 388 874 458 sapiens
921 392 975 442 et
1021 389 1087 442 ad
1125 407 1209 443 res
1249 387 1442 442 fortius
1482 389 1713 460 agendas
1751 408 1863 443 non

164 465 298 518 iram
338 463 430 516 sed
468 463 579 516 vim
619 462 882 516 adhibeat.
1611 468 1615 472 “

313 536 508 591 XVIII.
574 537 839 601 Quoniam
891 556 1026 607 quae
1077 538 1141 591 de
1187 538 1266 591 ira
1306 541 1635 607 quaeruntur
1671 540 1863 592 tracta-

164 612 364 682 vimus,
416 613 730 667 accedamus
785 612 851 665 ad
904 611 1138 666 remedia
1192 613 1319 666 eius.
1398 611 1503 666 duo
1555 616 1758 683 autem,
1802 615 1864 666 ut

165 687 380 758 opinor,
417 691 565 742 sunt:
603 706 671 741 ne
710 686 1007 741 incidamus
1047 687 1104 740 in
1135 687 1269 741 iram
1302 690 1356 741 et
1386 706 1454 740 ne
1485 687 1542 740 in
1572 687 1653 741 ira
1682 706 1865 758 pecce-

164 780 296 816 mus.
374 765 436 816 ut
474 763 530 815 in
570 780 856 831 corporum
895 780 1023 816 cura
1061 761 1166 815 alia
1204 762 1268 816 de
1306 762 1507 816 tuenda
1543 763 1865 832 valetudine,

164 837 269 892 alia
322 837 387 891 de
440 836 771 898 restituenda
824 839 1109 907 praecepta
1170 840 1319 907 sunt,
1378 837 1455 891 ita
1516 836 1671 890 aliter
1730 837 1863 892 iram

165 913 419 967 debemus
480 912 761 982 repellere,
823 912 978 966 aliter
1039 929 1390 981 compescere.
1496 914 1559 966 ut
1618 910 1867 982 vitemus,

166 987 425 1057 quaedam
481 987 547 1040 ad
601 986 904 1040 universam
958 987 1125 1040 vitam
1176 987 1499 1056 pertinentia
1540 986 1866 1057 praecipien-

164 1066 275 1115 tur:
322 1080 384 1114 ea
430 1061 486 1113 in
533 1060 902 1115 educationem
943 1064 998 1115 et
1035 1061 1093 1114 in
1131 1061 1409 1130 sequentia
1446 1065 1691 1131 tempora
1736 1060 1866 1114 divi-

165 1136 370 1190 dentur.

314 1209 579 1263 Educatio
620 1210 908 1264 maximam
948 1209 1283 1281 diligentiam
1314 1210 1716 1280 plurimumque
1747 1227 1866 1279 pro·

164 1285 402 1339 futuram
428 1283 714 1354 desiderat3
744 1285 902 1346 facile
930 1287 1012 1338 est
1043 1284 1185 1338 enim
1217 1288 1429 1339 teneros
1462 1285 1635 1339 adhuc
1659 1284 1867 1338 animos

166 1377 509 1429 componere,
555 1358 846 1414 difficulter
890 1359 1202 1414 reciduntur
1239 1359 1371 1413 vitia
1410 1378 1546 1430 quae
1583 1359 1865 1413 nobiscum

169 1437 460 1488 creverunt.

317 1508 458 1562 XIX.
511 1507 982 1579 Opportunissima
1020 1515 1087 1562 ad
1118 1509 1447 1563 iracundiam
1479 1508 1671 1562 fervidi
1702 1508 1867 1562 animi

166 1587 358 1637 natura
412 1587 505 1637 est.
582 1603 709 1637 nam
759 1603 881 1638 cum
932 1585 1196 1638 elementa
1241 1584 1350 1637 sint
1397 1586 1674 1653 quattuor,
1710 1583 1867 1655 igniS,

168 1677 359 1728 aquae,
398 1659 557 1727 aeris,
594 1662 791 1728 terrae,
827 1661 1122 1728 potestates
1160 1676 1315 1728 pares
1346 1658 1430 1712 his
1462 1661 1611 1727 sunt,
1648 1657 1869 1726 fervida,

167 1733 385 1804 frigida,
423 1734 571 1787 arida
609 1737 771 1802 atque
809 1733 1014 1787 umida:
1064 1738 1117 1788 et
1162 1735 1405 1788 locorum
1443 1734 1629 1802 itaque
1666 1735 1721 1786 et
1759 1731 1868 1785 ani-

168 1808 391 1861 malium
446 1812 500 1861 et
554 1826 839 1877 corporum
902 1812 956 1862 et
1016 1827 1228 1862 morum
1288 1809 1572 1862 varietates
1634 1806 1870 1859 mixtura

169 1882 555 1940 elementorum
594 1882 748 1951 facit,
785 1886 839 1936 et
876 1883 1100 1954 proinde
1132 1882 1312 1953 aliquo
1345 1882 1518 1954 magis
1549 1881 1870 1935 incumbunt

170 1956 407 2027 ingenia,
455 1960 619 2028 prout
664 1957 888 2011 alicuius
936 1958 1186 2012 elementi
1231 1957 1404 2011 maior
1439 1957 1521 2011 vis
1561 1955 1866 2010 abundavit.

169 2031 292 2084 inde
344 2032 599 2100 quasdam
650 2031 857 2085 umidas
902 2050 1157 2086 vocamus
1204 2032 1484 2102 aridasque
1529 2031 1775 2102 regiones
1816 2034 1870 2084 et

171 2105 368 2159 calidas
423 2109 476 2159 et
527 2106 763 2179 frigidas.
863 2107 1048 2160 eadem
1110 2106 1421 2160 animalium
1481 2106 1869 2175 hominumque

171 2179 478 2234 discrimina
524 2184 671 2235 sunt:
732 2180 894 2234 refert
941 2185 1202 2250 quantum
1246 2181 1472 2250 quisque
1510 2180 1679 2233 umidi
1717 2180 1775 2232 in
1813 2196 1868 2232 se

172 2254 435 2324 calidique
475 2256 770 2325 contineat3
809 2254 959 2308 cuius
998 2255 1054 2308 in
1094 2256 1188 2309 illo
1229 2255 1480 2309 elementi
1509 2254 1688 2324 portio
1719 2271 1868 2324 prae-

170 2329 393 2398 valebit,
446 2328 569 2382 inde
621 2347 796 2384 mores
851 2332 1019 2383 erunt.
1110 2330 1394 2384 iracundos
1447 2329 1652 2382 fervida
1705 2326 1869 2380 animi

170 2407 362 2457 natura
422 2403 604 2457 faciet:
666 2408 747 2458 est
799 2404 942 2458 enim
998 2407 1249 2457 actuosus
1303 2407 1358 2457 et
1406 2403 1653 2472 pertinax
1706 2401 1869 2472 ignis3

290 2564 319 2608 2
349 2566 576 2622 praedam
602 2566 760 2610 Muret
790 2566 1045 2625 predonem
1068 2567 1115 2610 A
1143 2564 1160 2624 ΙΙ
1194 2564 1252 2609 19
1284 2564 1693 2622 Opportunissima
1717 2562 1763 2606 A
1792 2562 1870 2607 sed

165 2625 299 2681 prior
329 2639 360 2681 p
392 2627 575 2682 punctis
605 2630 764 2670 notata
795 2631 859 2670 est
892 2626 897 2684 Ι
931 2624 1115 2670 fervida
1145 2626 1279 2670 malit
1307 2625 1548 2670 Klammer
1584 2623 1601 2683 ΙΙ
1641 2621 1700 2666 21
1733 2621 1868 2676 aeris,

171 2686 347 2739 terrae,
372 2697 524 2741 aquae
549 2685 712 2739 Gertz;
742 2685 797 2729 de
821 2685 1176 2742 transpositione
1198 2699 1323 2730 nwnc
1345 2685 1526 2730 dubito:
1556 2683 1639 2737 cfr.
1665 2680 1870 2726 ordinem

173 2745 406 2813 perborum
438 2749 597 2814 ep.1{›‘,
614 2745 841 2814 5.(p.·32,
858 2747 887 2788 6
910 2745 994 2802 H.)
1035 2743 1053 2814 Ι]
1092 2742 1154 2813 24
1196 2742 1355 2801 aliquo
1397 2743 1551 2812 magis
1592 2738 1870 2810 incumbunt

173 2817 365 2918 {5533}
397 2803 1079 2922 ffldssffgaffiqffinffiffi
1108 2803 1644 2922 cffifflffi'gfflxuhgisst‘}
1659 2801 1720 2917 >A
1733 2801 1777 2846 ¹³
1819 2815 1869 2844 ²¹¹

1898 854 1941 887 10

1898 1227 1942 1261 15

1898 1600 1944 1633 20

1900 1971 1943 2005 2⁶

1900 2343 1944 2374 30
