2028 3106
11 936 54 969 10

10 1309 52 1342 15

313 111 398 156 AD
431 107 791 156 GALLIONEM
822 107 904 152 DE
935 107 1084 154 VITA
1113 105 1318 154 BEATA
1349 105 1465 152 CAP
1505 114 1559 154 13
1679 110 1789 165 209

87 251 155 287 ne
184 249 461 303 resurgere
492 229 709 302 quidem
732 229 772 298 †
794 229 1184 285 adulescentiae
1206 229 1357 298 licet,
1387 246 1510 282 cum
1533 229 1790 284 honestus

87 308 236 377 turpi
274 306 505 360 desidiae
541 304 734 358 titulus
773 306 1008 358 accessit.
1068 304 1176 359 hoc
1213 306 1295 358 est
1332 320 1427 358 cur
1465 304 1569 358 ista
1604 303 1792 374 volup-

86 382 214 435 tatis
267 380 506 446 laudatio
559 377 862 449 perniciosa
915 380 1009 448 sit,
1064 379 1192 449 quia
1242 378 1470 432 honesta
1507 381 1793 449 praecepta

87 458 230 509 intra
265 455 460 524 latent,
499 453 644 523 quod
683 454 1002 523 corrumpit,
1042 456 1277 523 apparet.

235 543 379 598 XIII.
440 541 507 596 In
543 561 606 596 ea
643 541 859 612 quidem
898 543 1014 613 ipse
1053 541 1317 596 sententia
1353 546 1473 596 su‘m
1504 573 1567 580 —
1608 540 1793 596 invitis
1827 556 1849 596 1

86 619 191 673 hoc
227 618 428 673 nostris
466 617 819 687 popularibus
858 617 1034 671 dicam
1074 647 1143 656 —
1184 618 1368 671 sancta
1405 616 1702 687 Epicurum
1741 619 1796 670 et

87 697 232 748 recta
279 692 584 763 praecipere
630 694 707 760 et,
757 691 804 744 si
849 692 1073 762 propius
1113 691 1420 760 accesseris,
1464 692 1663 761 tristia3
1701 708 1795 744 vo-

85 769 266 839 luptas
298 767 440 821 enim
471 766 568 820 illa
596 765 664 820 ad
693 783 921 835 parvum
953 769 1008 820 et
1037 766 1174 820 exile
1203 768 1486 820 revocatur
1517 769 1592 836 et,
1631 783 1794 836 quam

85 862 185 897 nos
234 841 425 895 virtuti
475 841 651 912 legem
706 839 958 910 dicimus,
1011 859 1129 894 eam
1178 841 1271 894 ille
1321 840 1454 895 dicit
1502 840 1794 911 voluptati:

85 917 235 971 iubet
279 916 430 970 illam
467 933 653 986 parere
690 917 936 984 naturae3
982 933 1174 986 parum
1213 918 1295 969 est
1331 918 1511 969 autem
1549 915 1794 969 luxuriae

86 991 251 1076 quod·
268 994 491 1045 naturae
529 989 659 1044 satis
699 991 793 1043 est
873 990 1002 1060 quid
1041 1008 1170 1062 ergo
1210 989 1326 1044 est?
1394 990 1509 1060 ille,
1550 990 1793 1060 quisquis

85 1144 266 1210 vocat,
302 1140 507 1194 bonum
545 1139 718 1193 malae
755 1139 834 1193 rei
874 1139 1082 1209 quaerit
1120 1142 1394 1194 auctorem
1426 1143 1503 1209 et,
1540 1158 1664 1194 cum
1696 1139 1793 1193 illo

84 1216 233 1270 venit
260 1214 460 1270 blando
490 1214 709 1268 nomine
740 1214 1015 1283 inductus,
1046 1215 1289 1284 sequitur
1317 1215 1653 1285 voluptatem
1683 1233 1796 1268 non

86 1309 248 1361 quam
287 1289 459 1359 audit,
498 1289 590 1343 sed
631 1307 792 1359 quam
833 1290 1039 1358 attulit,
1077 1293 1131 1343 et
1167 1290 1302 1343 vitia
1333 1308 1429 1343 sua
1460 1307 1584 1344 cum
1617 1289 1796 1359 coepit

85 1369 275 1435 putare
333 1364 532 1419 similia
583 1363 909 1434 praeceptis,
942 1363 1211 1449 indulget
1264 1364 1372 1418 illis
1422 1382 1535 1417 non
1591 1363 1797 1434 timide,

83 1458 183 1495 nec
222 1439 447 1494 obscure
482 1438 788 1492 luxuriatur
826 1441 908 1492 set
937 1438 1045 1491 iam
1076 1438 1200 1492 inde
1231 1441 1416 1508 aperto
1448 1439 1623 1509 capite
1698 1439 1796 1492 ita·

86 1533 189 1585 que
249 1532 362 1568 non
426 1513 622 1583 dicam,
688 1512 833 1583 quod
894 1513 1137 1583 plerique
1197 1516 1530 1583 nostrorum,
1594 1516 1795 1567 sectam

84 1589 308 1660 Epicuri
360 1588 692 1660 flagitiorum
746 1588 1061 1659 magistram
1115 1606 1251 1658 esse,
1314 1588 1404 1643 sed
1458 1588 1595 1643 illud
1650 1587 1795 1643 dico:

86 1664 223 1718 male
269 1663 444 1733 audit,
492 1662 709 1717 infamis
756 1666 860 1732 est,
917 1666 971 1717 et
1016 1663 1282 1717 inmerito,
1366 1663 1472 1718 hoc
1519 1663 1654 1718 scire
1701 1663 1796 1733 qui

84 1742 263 1810 potest
314 1738 421 1793 nisi
482 1738 706 1792 interius
762 1736 1068 1792 admissus?
1157 1737 1307 1793 frons
1361 1739 1475 1793 eius
1530 1739 1651 1808 ipsa
1703 1737 1797 1792 dat

82 1815 264 1868 locum
301 1813 516 1867 fabulae
554 1816 610 1867 et
646 1812 714 1866 ad
753 1813 950 1866 malam
983 1831 1134 1884 spem
1166 1813 1364 1867 inritat.
1426 1813 1531 1868 hoc
1562 1813 1669 1867 tale
1700 1816 1797 1883 est,

85 1889 243 1960 quale
281 1889 365 1942 vir
402 1887 559 1942 fortis
600 1887 795 1942 stolam
835 1886 1078 1941 indutus:
1129 1891 1341 1943 constat
1378 1887 1481 1942 tibi
1519 1887 1796 1959 pudicitia,

235 2049 266 2096 ὅ
297 2050 497 2109 hiesu-i
527 2049 591 2106 fr.
615 2052 706 2095 460
739 2050 816 2096 Us.

234 2154 262 2200 1
295 2153 616 2214 adulescentie
640 2155 683 2199 A
708 2152 1061 2199 erubescentiae
1083 2154 1282 2213 Madvig]
1306 2153 1636 2211 displicentiae
1657 2153 1795 2200 Gertz

87 2213 470 2260 adlubescentiae
500 2215 770 2284 Petschenig
808 2213 1083 2260 adulatione
1114 2214 1344 2273 gliscente
1374 2214 1604 2260 Schultess
1635 2213 1794 2260 abole-

86 2275 236 2320 scenti
265 2274 589 2333 paenitentiae
622 2274 682 2320 E.
713 2266 910 2320 Thonias
939 2273 956 2334 ΙΙ
985 2273 1016 2319 5
1044 2274 1095 2332 ip
1098 2287 1148 2319 se
1175 2266 1389 2321 Gruter
1375 2287 1482 2332 ipsa
1504 2275 1549 2319 A
1580 2274 1596 2333 ΙΙ
1629 2274 1654 2321 ¹2
1685 2288 1795 2332 pro-

86 2334 233 2392 pitius
265 2334 517 2381 accesseris
546 2334 747 2380 tristitia
769 2337 814 2378 A
845 2347 961 2381 corr.
985 2289 1099 2393 vol}
1174 2333 1232 2380 11
1264 2333 1345 2379 ille
1376 2347 1480 2381 eum
1510 2335 1795 2382 antecedenti

87 2396 461 2453 interroyationis
500 2395 632 2453 signo
672 2395 727 2439 in
766 2395 786 2439 i
781 2407 868 2452 pso
909 2408 1044 2440 versu
1144 2396 1188 2439 d
1221 2393 1333 2451 A',
1364 2408 1469 2440 cum
1491 2394 1612 2439 A¹s
1589 2395 1794 2452 spatium

86 2468 283 2501 saeuum
311 2455 569 2513 reliquisset
595 2454 613 2514 ΙΙ
650 2452 710 2500 18
740 2467 847 2499 cum
872 2454 1072 2513 Madviq
1103 2453 1216 2499 dum
1239 2455 1283 2499 A
1312 2429 1333 2515 ΙῙ
1363 2453 1424 2500 14
1452 2453 1724 2511 uoluptates
1748 2455 1794 2499 A

86 2514 337 2620 ammove
360 2514 387 2634 ,Η
407 2513 473 2620 ιἐῗ
504 2513 714 2619 ἓξὲξ
733 2513 1320 2643 ὶὲῑῖἰῃῗεῗᾌῖῗῖἱῖἒᾱῑῖ
1343 2469 1794 2633 astitisti?

86 2633 245 2679 infans
268 2636 312 2678 A
388 2635 438 2679 et
466 2633 687 2679 inmerito
711 2634 755 2678 A
786 2646 873 2679 nec
903 2633 1123 2679 inmerito
1150 2633 1287 2680 Gertz
1314 2647 1413 2681 non
1443 2634 1572 2689 bene,
1601 2635 1712 2691 quia
1740 2634 1794 2679 id

86 2693 209 2752 quod
237 2707 324 2752 seq.
364 2693 453 2739 hoc
489 2706 585 2740 non
612 2693 866 2752 habetquo
894 2694 1135 2750 referatur.
1187 2707 1270 2740 nee
1298 2695 1448 2753 magis
1470 2669 1794 2752 prol10‚quocl

88 2754 396 2800 Reitsenstein
412 2754 674 2812 proposuit,
696 2707 866 2799 haeew
829 2754 922 2800 duo
943 2754 1080 2800 verba
1103 2753 1367 2800 advnsario
1390 2754 1625 2812 Epic-meo
1647 2754 1791 2799 tribu-

86 2813 208 2859 enda
237 2826 355 2870 esse;
389 2819 504 2860 certe
532 2813 820 2860 scribendum
852 2819 951 2860 erat
988 2815 1063 2859 at
1092 2813 1335 2860 inmerito’
1371 2849 1386 2871 ,
1417 2814 1538 2872 quod
1568 2814 1794 2860 Reimeke

86 2873 274 2929 suadet,
295 2873 376 2920 sed
396 2874 469 2919 nil
490 2873 774 2919 mutandum.
808 2873 892 2929 cfr.
910 2874 1138 2921 Schultess
1158 2876 1283 2920 Ami.
1308 2828 1493 2933 studqp
1495 2877 1589 2920 .36
1615 2875 1620 2932 Ι
1649 2873 1732 2931 qui
1750 2874 1792 2917 A

88 2933 193 2990 quis
217 2943 246 2978 ς·
275 2938 318 2979 et
339 2933 453 2993 0019.
486 2934 504 2993 ΙΙ
532 2931 591 2979 28
615 2934 802 2979 constat
827 2934 1025 2993 Madviy
1056 2934 1292 2981 constanti
1318 2936 1359 2980 A
1392 2935 1613 2980 constans
1636 2933 1794 2989 Pauly

179 3022 375 3060 82¹1OE
395 3023 644 3060 ermuli.
660 3022 830 3058 sanor
811 3033 932 3059 rmss
1378 3029 1434 3069 14

1827 1676 1851 1717 3
