2034 3086
151 70 220 124 76
476 67 525 111 L.
551 66 788 110 ANNAEI
820 65 1093 111 SENECAE
1123 66 1283 111 DIAL.
1308 66 1420 111 LIB.
1445 65 1523 112 IV.

89 203 115 243 2
150 192 243 243 aut
279 189 536 243 Phalaris.
612 189 745 242 haec
780 206 893 241 non
931 190 1012 240 est
1049 177 1151 258 ira,
1189 189 1372 242 feritas
1412 191 1514 257 est3
1558 207 1670 242 non
1708 189 1850 242 enim

150 265 277 334 quia
307 265 514 333 accepit
544 263 795 316 iniuriam
825 266 998 331 nocet,
1031 263 1123 315 sed
1153 266 1340 332 parata
1370 266 1466 330 est,
1490 263 1615 316 dum
1646 267 1851 331 noceat,

149 339 235 392 vel
266 339 528 408 accipere,
557 355 656 390 nec
688 337 769 389 illi
792 338 1011 390 verbera
1033 337 1487 407 lacerationesque
1511 339 1568 389 in
1590 338 1851 391 ultionem

91 426 116 464 3
150 416 406 482 petuntur
437 411 529 465 sed
560 411 617 463 in
648 412 994 480 voluptatem.
1051 411 1181 480 quid
1204 430 1332 482 ergo
1356 411 1463 467 est?
1513 412 1666 485 origo
1690 412 1850 464 huius

149 488 277 540 mali
331 487 396 539 ab
452 487 532 538 ira
585 488 689 553 est,
742 504 877 555 quae
927 486 1020 538 ubi
1069 485 1336 555 frequenti
1383 486 1760 540 exercitatione
1799 489 1851 539 et
1908 501 1927 535 ⁵

150 563 392 615 satietate
425 561 482 612 in
514 560 840 613 oblivionem
871 560 1183 614 clementiae
1214 562 1360 614 venit
1391 564 1443 614 et
1475 579 1633 614 omne
1665 560 1851 613 foedus

149 638 443 689 humanum
467 635 622 687 eiecit
645 634 839 703 anim0‚
854 635 1144 688 novissime
1170 635 1226 686 in
1249 635 1615 688 crudelitatem
1638 635 1852 687 transit:

148 710 325 763 rident
355 710 535 778 itaque
568 708 906 779 gaudentque
937 713 990 762 et
1012 709 1291 778 voluptate
1315 711 1484 762 multa
1507 709 1854 779 perfruuntur

150 784 551 854 plurimumque
583 784 648 836 ab
681 783 940 837 iratorum
971 783 1126 837 vultu
1150 783 1359 852 absunt,
1382 803 1477 853 per
1501 785 1671 838 otium
1696 783 1852 837 saevi.

92 872 119 911 4
149 858 508 912 Hannibalem
540 859 692 911 aiunt
723 858 935 928 dixisse,
958 877 1080 912 cum
1111 858 1312 912 fossam
1337 860 1594 929 sanguine
1618 859 1853 912 humano
1888 874 1931 906 ιο

151 934 366 1003 plenam
403 933 647 986 vidisset:
704 932 761 986 ‘o
801 933 1135 987 formonsum
1176 933 1588 1003 spectaculum?
1652 936 1853 1003 quanto

151 1009 428 1078 pulchrius
469 1009 550 1061 illi
589 1008 765 1061 visum
804 1012 964 1076 esset,
1003 1009 1049 1061 si
1087 1008 1288 1061 flumen
1323 1008 1544 1077 aliquod
1572 1009 1854 1078 lacumque

151 1084 474 1153 conplesset!
552 1082 682 1152 quid
736 1084 954 1152 mirum,
1008 1084 1054 1137 si
1106 1083 1211 1136 hoc
1264 1083 1494 1136 maxime
1550 1083 1854 1152 spectaculo

151 1159 356 1228 caperis
388 1159 603 1211 innatus
633 1159 882 1228 sanguini
905 1161 958 1210 et
982 1158 1048 1210 ab
1073 1158 1276 1210 infante
1301 1157 1550 1211 caedibus
1575 1156 1856 1211 admotus?

151 1236 402 1302 sequetur
439 1235 493 1285 te
531 1232 749 1285 fortuna
788 1232 1090 1286 crudelitati
1128 1235 1251 1285 tuae
1291 1251 1387 1301 per
1423 1231 1527 1284 XX
1573 1249 1740 1284 annos
1780 1250 1856 1284 se·
1890 1246 1932 1279 15

151 1307 324 1361 cunda
364 1307 616 1376 dabitque
652 1307 822 1360 oculis
854 1307 962 1360 tuis
995 1310 1208 1377 gratum
1239 1307 1438 1376 ubique
1471 1306 1856 1376 spectaculum3

150 1381 355 1435 videbis
395 1381 540 1434 istud
578 1384 632 1434 et
670 1382 811 1435 circa
849 1381 1273 1435 Trasumennum
1309 1385 1363 1435 et
1393 1382 1534 1435 circa
1566 1379 1774 1434 Cannas
1805 1384 1858 1433 et

94 1466 120 1506 5
151 1456 441 1509 novissime
481 1456 622 1509 circa
662 1454 1039 1526 Carthaginem
1071 1459 1232 1508 tuam
1295 1455 1527 1509 Volesus
1557 1473 1730 1524 nuper
1761 1455 1858 1507 sub

154 1531 278 1583 divo
303 1528 552 1601 Augusto
585 1531 877 1599 proconsul
900 1529 1085 1599 Asiae,
1116 1548 1238 1583 cum
1271 1528 1396 1582 CCC
1429 1548 1538 1582 uno
1571 1529 1655 1583 die
1689 1529 1859 1582 securi

154 1605 526 1675 percussisset,
585 1604 834 1658 incedens
896 1605 1036 1658 inter
1097 1605 1353 1658 cadavera
1406 1604 1560 1657 vultu
1615 1603 1860 1674 superbO,
1892 1618 1935 1651 20

155 1681 308 1750 quasi
354 1680 700 1750 magnificum
747 1679 1000 1749 quiddam
1049 1679 1590 1748 conspiciendumque
1633 1679 1859 1746 fecisset,

155 1773 342 1825 graece
382 1755 758 1824 proclamavit:
820 1754 877 1807 o
917 1774 1029 1808 rem
1069 1753 1321 1824 regiamI’
1382 1753 1513 1823 quid
1542 1754 1631 1807 hic
1662 1773 1756 1807 rex
1786 1753 1859 1806 fe-

155 1828 351 1884 cisset?
402 1847 513 1882 non
544 1829 648 1882 fuit
677 1830 808 1883 haec
833 1830 911 1882 ira
936 1829 1028 1883 sed
1052 1830 1223 1882 maius
1249 1829 1449 1882 malum
1473 1831 1527 1882 et
1550 1828 1858 1882 insanabile.

98 1932 120 1969 1
305 1917 396 1972 VI.
461 1918 700 1972 ‘Virtus’
755 1920 931 1989 inquit
985 1918 1071 1972 ‘ut
1124 1919 1364 1972 honestis
1414 1919 1571 1972 rebus
1623 1917 1860 1988 propitia

157 1998 260 2064 est,
298 1995 373 2047 ita
410 1995 658 2063 turpibus
699 1995 834 2047 irata
872 2013 986 2048 esse
1026 1993 1214 2047 debet.’
1291 1993 1441 2063 quid,
1489 1994 1535 2046 si
1578 1992 1720 2046 dicat
1757 1992 1860 2044 vir·
1892 2005 1934 2039 25

157 2073 327 2123 tutem
365 2073 418 2123 et
455 2069 714 2122 humilem
753 2073 807 2123 et
844 2087 1095 2140 magnam
1134 2088 1246 2122 esse
1287 2067 1511 2122 debere?
1573 2068 1723 2137 atqui
1756 2067 1860 2120 hoc

159 2145 302 2214 dicit,
334 2143 477 2216 [qui]
510 2145 659 2197 illam
684 2145 871 2197 extolli
894 2145 1012 2197 vult
1036 2147 1090 2197 et
1114 2143 1353 2213 deprimi,
1379 2143 1634 2213 quoniam
1657 2142 1860 2195 laetitia

306 2276 335 2320 2
368 2276 554 2333 accepit
585 2286 613 2320 ς
652 2276 828 2333 accipit
858 2277 904 2322 A
942 2276 958 2335 ΙΙ
999 2275 1029 2320 3
1061 2275 1137 2320 vel
1167 2277 1360 2333 Lipsius
1390 2273 1516 2319 uelle
1539 2276 1585 2320 A
1632 2274 1637 2322 1
1683 2273 1859 2319 lacera-

157 2336 360 2393 tionesq3
382 2336 453 2381 Α5
477 2336 494 2395 ΙΙ
531 2335 562 2380 4
593 2337 665 2380 est
699 2336 835 2381 Gertz
865 2335 995 2390 add.;
1024 2350 1179 2380 verum
1208 2336 1299 2381 vid.
1327 2348 1416 2381 esse
1448 2331 1570 2391 quod
1598 2335 1859 2387 observavit,

152 2401 257 2452 post
287 2396 403 2452 quid
434 2400 576 2454 ergo?
607 2410 780 2452 semper
809 2396 1003 2441 altera-m
1033 2397 1431 2454 interrogationem
1455 2395 1574 2451 poni
1602 2393 1618 2453 Η
1650 2393 1680 2438 9
1711 2394 1859 2438 otium

157 2471 204 2515 A
234 2470 388 2514 iocum
418 2472 552 2515 malit
575 2470 715 2515 Gertz
749 2471 752 2528 Ι
790 2459 911 2530 seuit
935 2471 982 2515 A
1008 2470 1024 2529 Η
1055 2469 1111 2514 11
1135 2468 1423 2514 formonsum
1447 2468 1517 2513 A¹
1538 2474 1591 2513 ut
1612 2468 1723 2522 vid.;
1745 2482 1857 2513 corr

157 2532 210 2574 in
239 2543 392 2574 -osum
416 2530 485 2575 A⁵
515 2530 531 2589 Η
565 2530 621 2574 17
654 2530 1074 2599 trhansymennum
1098 2531 1144 2575 A
1174 2530 1515 2574 transimenum
1546 2529 1590 2574 L
1619 2528 1636 2586 ΙΙ
1666 2527 1724 2572 19
1753 2541 1861 2584 pro-

159 2589 482 2659 consulslasiae
506 2589 576 2634 Af>
599 2591 647 2647 (a
677 2591 730 2634 in
759 2604 851 2635 ras.
876 2593 924 2635 2
937 2590 1040 2644 litt„
1064 2595 1118 2634 at
1138 2590 1230 2634 vid.
1263 2590 1330 2647 es)
1362 2602 1447 2645 pro
1472 2588 1660 2633 consule
1685 2588 1817 2633 Koch
1846 2587 1862 2646 ΙΙ

157 2649 218 2694 25
249 2649 379 2694 dicat
403 2650 602 2708 Madvig
633 2649 820 2694 dicatur
843 2651 889 2694 A
927 2650 943 2708 ΙΙ
984 2649 1044 2694 26
1074 2649 1208 2706 atqui
1231 2649 1301 2694 A⁶
1337 2648 1354 2707 Η
1390 2648 1446 2692 27
1481 2648 1562 2705 qui
1593 2653 1698 2692 ante
1728 2647 1858 2691 illam

158 2710 407 2754 tollendum
449 2723 539 2755 esse
580 2710 696 2754 mihi
730 2711 963 2766 persuasit
1002 2710 1104 2755 Joh
1139 2709 1316 2754 Mulier
1358 2714 1444 2753 aet.
1485 2708 1630 2757 Acad
1669 2707 1859 2752 Vindob.

161 2769 355 2815 CXXX
385 2773 501 2815 1894
530 2784 576 2825 p.
600 2772 661 2814 23
690 2774 783 2814 not.
811 2774 836 2813 1
880 2769 884 2823 Ι
929 2771 1093 2825 <et>
1134 2767 1298 2814 extolli
1331 2769 1615 2825 Wesenberg,
1650 2767 1728 2812 sed
1763 2766 1859 2811 cod.

158 2830 434 2934 scil-{pturam
471 2829 675 2884 defendit
704 2829 806 2875 Joh.
833 2829 1010 2874 Miiller
1039 2829 1122 2874 z.1.
1155 2828 1427 2873 CXXXVI
1456 2831 1572 2873 1897
1596 2841 1646 2884 p.
1670 2830 1727 2871 18
1758 2832 1862 2883 apte

160 2903 210 2934 eo
250 2925 257 2933 .
284 2903 382 2945 cap.
412 2892 481 2943 12,
501 2892 531 2932 2
