2034 3086
156 46 264 93 vm
828 49 1171 111 PRAEFATJO

155 176 375 236 meliore,
412 174 527 223 utili
566 188 678 222 cum
715 190 833 223 cura
870 176 1179 224 retractavit.
1255 178 1306 225 et
1349 177 1410 225 ut
1454 177 1686 226 omittam
1724 194 1852 241 quae

154 252 209 298 in
248 248 604 313 orthographia
641 250 873 311 mutavit,
911 250 1186 298 innumeris
1226 249 1348 300 10013
1386 250 1582 300 litteras
1621 267 1652 300 a
1689 252 1852 316 prima

155 339 306 372 manu
366 324 495 372 male
555 323 685 372 inter
744 323 897 372 verba
959 323 1254 372 distributas
1314 327 1448 374 recte
1511 325 1705 388 divisit,
1764 343 1854 389 per

156 413 371 446 errorem
415 397 629 461 repetita
675 397 881 460 delevit,
928 398 1113 447 omissa
1159 399 1433 464 supplevit,
1479 399 1663 449 litteris
1702 401 1853 463 sylla-

153 471 331 535 bisque
367 489 519 535 prave
558 472 756 535 scriptis
793 474 955 521 rectas
994 473 1356 536 superscripsit.
1425 474 1511 523 sed
1546 490 1854 539 quamquam

153 545 197 596 is
246 546 344 596 alio
391 563 568 612 genere
618 547 926 608 litterarum,
974 562 1074 594 non
1120 545 1498 611 Langobardico
1545 549 1634 598 illo
1673 550 1853 612 utitur,

153 623 323 670 tamen
374 621 512 670 haud
565 622 738 684 paucis
792 620 914 669 locis
968 622 1103 670 certo
1158 621 1257 670 dici
1308 638 1408 671 non
1461 639 1628 687 posse,
1684 626 1853 674 utu-um

153 695 316 758 prima
355 713 419 746 an
458 695 674 745 secunda
711 711 888 744 manus
928 696 1244 760 agnoscenda
1283 697 1370 757 sit,
1410 696 1556 746 Gertz
1593 698 1701 761 ipse
1737 715 1851 748 con·

152 770 334 820 fitetur.
418 770 623 820 maioris
673 785 789 818 vero
840 771 1083 819 momenti
1132 772 1208 820 est
1257 770 1391 834 quod
1429 765 1503 819 Α2
1550 789 1639 836 per
1687 775 1851 823 totum

152 845 372 895 codicem
415 861 561 894 voces
609 844 831 908 singulas
873 846 923 894 et
961 845 1226 894 verborum
1264 845 1412 895 series
1464 861 1618 909 supra
1654 863 1853 897 versum

151 921 447 984 saepiusque
491 920 546 967 in
590 919 816 984 margine
862 920 938 968 ita
983 920 1257 983 supplevit,
1303 922 1364 968 ut
1407 922 1595 984 puncto
1641 921 1696 969 in
1741 921 1851 985 ipso

150 1010 299 1044 versu
337 994 656 1058 significaret,
695 1010 795 1057 quo
828 994 936 1044 loco
975 994 1266 1044 inserendae
1304 997 1483 1045 essent.
1551 996 1675 1046 haec
1713 995 1851 1044 addi·

147 1070 374 1118 tamenta
413 1069 536 1132 quin
574 1084 664 1118 suo
702 1069 811 1117 iure
848 1071 909 1118 ut
946 1070 1163 1134 genuina
1204 1068 1350 1119 Gertz
1389 1097 1463 1104 -
1497 1069 1651 1120 habes
1683 1072 1852 1120 omnia

148 1143 246 1192 huc
283 1143 563 1207 spectantia
602 1143 737 1207 apud
781 1159 896 1192 eum
940 1145 999 1192 in*
1032 1143 1190 1207 praef.
1227 1161 1276 1207 p.
1301 1143 1400 1193 XII
1438 1145 1648 1195 collecta
1687 1172 1758 1180 —
1796 1147 1850 1195 in

148 1219 344 1266 textum
380 1217 638 1282 receperit,
678 1218 911 1280 equidem
941 1234 1041 1266 non
1072 1217 1261 1267 dubito.
1325 1220 1502 1281 paucis
1532 1219 1680 1269 modo
1712 1220 1851 1283 10013,

150 1291 330 1356 quibus
383 1309 444 1342 ne
497 1293 551 1341 id
605 1292 810 1355 quidem
865 1293 1084 1352 constat,
1138 1293 1310 1340 utrum
1362 1293 1484 1342 haec
1543 1309 1722 1344 manus
1785 1311 1850 1344 an

147 1368 394 1416 recentior
446 1367 843 1416 coniunctionem
897 1369 940 1414 et
992 1365 1263 1428 addiderit,
1324 1367 1472 1416 aliter
1524 1368 1850 1418 iudicandum

148 1442 329 1504 putavi
383 1434 455 1507 (p.
490 1441 706 1502 301,15
756 1442 807 1489 et
850 1441 957 1502 163,
992 1433 1248 1507 179‚18).
1340 1443 1557 1490 ceterum
1610 1442 1690 1491 hic
1745 1459 1848 1493 cor-

147 1516 326 1578 rector,
365 1531 478 1564 cum
515 1514 694 1563 utilem
732 1530 936 1578 operam
975 1514 1130 1564 codici
1171 1517 1403 1579 navaret,
1440 1517 1644 1582 proprio
1679 1519 1849 1567 tamen

148 1589 310 1638 Marte
334 1605 564 1639 successu
587 1590 711 1638 satis
735 1589 924 1639 infelici
941 1589 1185 1653 quaedam
1200 1592 1420 1640 mutavit
1434 1586 1547 1659 (cfr.
1560 1609 1607 1655 p.
1623 1593 1849 1655 130‚20;

153 1665 275 1726 133,
302 1665 393 1727 18,
438 1666 558 1728 162,
587 1666 678 1726 19;
720 1665 843 1727 210,
869 1658 986 1732 22),
1032 1667 1092 1714 ut
1130 1663 1327 1714 Gertzio
1379 1664 1745 1714 concedendum
1783 1666 1850 1715 sit

148 1755 262 1787 eum
300 1742 390 1789 aut
427 1755 541 1789 suas
582 1739 888 1788 coniecturas
926 1740 1279 1801 immiscuisse,
1320 1739 1455 1801 quod
1491 1739 1663 1802 potius
1694 1740 1849 1788 credi-

149 1813 322 1875 derim,
354 1815 445 1862 aut
468 1813 815 1877 apographum
840 1812 1126 1861 adhibuisse
1150 1813 1462 1875 aliquatenus
1490 1812 1848 1876 interpolatum

149 1888 240 1936 aut
275 1889 545 1950 utrumque
587 1886 774 1935 fecisse.

298 1961 346 2009 A
382 1977 543 2023 manu·
575 1960 792 2010 secunda
828 1959 1019 2023 pallido
1058 1962 1337 2009 atramento
1378 1963 1430 2010 et
1466 1962 1647 2010 litteris
1689 1964 1846 2012 mino·

147 2035 308 2098 ribus,
370 2035 697 2100 longiusculis
761 2051 818 2083 ac
872 2035 1218 2097 tenuiusculiS‚
1280 2034 1610 2102 distinguitur
1668 2053 1845 2087 manus

147 2111 301 2160 tertia
341 2103 461 2177 (ΑΒ)
499 2125 599 2158 11011
645 2110 720 2158 ita
763 2109 924 2158 multo
973 2111 1137 2159 aetate
1175 2110 1395 2161 inferior.
1471 2111 1553 2160 hic
1599 2114 1847 2161 corrector

149 2181 353 2249 operam
399 2200 430 2233 a
480 2184 696 2233 secunda
748 2200 899 2232 manu
952 2184 1240 2234 incohatam
1279 2186 1595 2235 continuavit
1645 2188 1696 2234 et
1744 2202 1846 2235 non

148 2259 296 2308 modo
351 2259 550 2322 saepius
603 2273 761 2320 prava
813 2259 1025 2307 correxit
1075 2262 1127 2308 et
1179 2260 1362 2308 omissa
1413 2254 1537 2308 bene
1591 2260 1847 2323 supplevit

151 2327 262 2398 (cfr.
292 2351 341 2397 p.
370 2334 492 2395 160,
518 2333 612 2395 23,
655 2333 775 2390 176,
796 2333 885 2394 10,
926 2335 1049 2395 274,
1076 2335 1169 2396 27,
1210 2335 1334 2395 295,
1354 2335 1444 2396 13,
1485 2335 1608 2395 303,
1635 2329 1715 2400 3),
1758 2334 1844 2383 sed

151 2405 304 2455 etiam
341 2408 471 2458 falsa
508 2406 705 2467 intulit,
744 2405 847 2455 sive
887 2408 988 2456 suis
1029 2407 1323 2457 coniecturis
1353 2423 1499 2471 0303,
1537 2409 1642 2458 sive
1680 2408 1844 2458 minus

149 2479 282 2547 bona
318 2482 560 2531 librorum
607 2480 912 2544 supellectile
957 2482 1233 2531 instructus
1281 2474 1390 2547 (cfr.
1423 2500 1470 2547 p.
1506 2483 1555 2543 8,
1580 2483 1635 2544 53
1678 2484 1725 2545 9,
1751 2485 1843 2545 23,

153 2554 239 2615 23,
265 2555 356 2617 22,
398 2558 482 2618 23,
508 2558 538 2605 5
580 2558 631 2605 et
672 2555 762 2616 18,
805 2555 1001 2619 51,12,
1044 2557 1128 2617 70,
1154 2558 1246 2621 253
1289 2557 1410 2619 300,
1433 2550 1551 2623 28),
1590 2557 1843 2607 nonnullis

149 2643 268 2676 vero
317 2628 438 2678 locis
483 2631 732 2693 scriptura
777 2629 967 2691 primae
1011 2645 1189 2679 manus
1237 2646 1379 2680 erasa
1422 2630 1476 2678 in
1526 2631 1712 2680 rasuris
1751 2647 1844 2680 sua

150 2700 416 2751 substituit
460 2697 571 2770 (cfr.
601 2722 650 2767 p.
678 2704 762 2765 25,
789 2703 881 2765 28,
929 2706 1014 2767 50,
1040 2706 1133 2767 27,
1183 2705 1315 2766 69,7
1358 2706 1409 2753 et
1449 2698 1557 2771 12).
1632 2704 1843 2754 eundem

149 2777 298 2826 notas
329 2792 526 2840 quoque
556 2778 687 2827 varii
715 2777 908 2842 generis
938 2780 992 2827 in
1023 2779 1247 2844 margine
1274 2779 1566 2843 plerumque
1590 2778 1842 2838 adiecisse,

149 2852 211 2899 ut
248 2852 339 2899 aut
376 2854 669 2915 argumenta
708 2854 869 2900 essent
908 2869 1099 2914 eorum,
1148 2869 1273 2916 quae
1320 2853 1373 2900 in
1412 2854 1549 2901 textu
1587 2853 1841 2916 leguntur,
