<?xml version="1.0" encoding="UTF-8"?>
<!DOCTYPE html PUBLIC "-//W3C//DTD XHTML 1.0 Transitional//EN"
    "http://www.w3.org/TR/xhtml1/DTD/xhtml1-transitional.dtd">
<html xmlns="http://www.w3.org/1999/xhtml" xml:lang="en" lang="en">
 <head>
  <title>
</title>
<meta http-equiv="Content-Type" content="text/html;charset=utf-8" />
  <meta name='ocr-system' content='tesseract 3.04.00' />
  <meta name='ocr-capabilities' content='ocr_page ocr_carea ocr_par ocr_line ocrx_word'/>
</head>
<body>
  <div class='ocr_page' id='page_1' title='image "./f1operaquaesuper01seneuoft_0079.png"; bbox 0 0 2034 3086; ppageno 0'>
   <div class='ocr_carea' id='block_1_1' title="bbox 661 49 1848 108">
    <p class='ocr_par' dir='ltr' id='par_1_1' title="bbox 661 49 1848 108">
     <span class='ocr_line' id='line_1_1' title="bbox 661 49 1848 108; baseline -0.003 -10"><span class='ocrx_word' id='word_1_1' title='bbox 661 52 744 98; x_wconf 80' lang='lat' dir='ltr'><strong>DE</strong></span> <span class='ocrx_word' id='word_1_2' title='bbox 775 51 883 97; x_wconf 58' lang='lat' dir='ltr'><strong>ma</strong></span> <span class='ocrx_word' id='word_1_3' title='bbox 912 50 1024 97; x_wconf 78' lang='lat' dir='ltr'><strong>Lm.</strong></span> <span class='ocrx_word' id='word_1_4' title='bbox 1049 49 1084 96; x_wconf 82' lang='lat'><strong>1.</strong></span> <span class='ocrx_word' id='word_1_5' title='bbox 1138 49 1268 96; x_wconf 75' lang='lat' dir='ltr'><strong>oAP.</strong></span> <span class='ocrx_word' id='word_1_6' title='bbox 1294 54 1322 96; x_wconf 79' lang='lat' dir='ltr'><strong>s</strong></span> <span class='ocrx_word' id='word_1_7' title='bbox 1774 52 1848 108; x_wconf 78' lang='lat'><strong>55</strong></span> 
     </span>
    </p>
   </div>
   <div class='ocr_carea' id='block_1_2' title="bbox 68 172 1971 2492">
    <p class='ocr_par' dir='ltr' id='par_1_2' title="bbox 139 172 1851 471">
     <span class='ocr_line' id='line_1_2' title="bbox 140 172 1848 247; baseline -0.003 -16"><span class='ocrx_word' id='word_1_8' title='bbox 140 194 384 247; x_wconf 87' lang='lat' dir='ltr'><strong>operam,</strong></span> <span class='ocrx_word' id='word_1_9' title='bbox 419 194 488 230; x_wconf 91' lang='lat' dir='ltr'><strong>ne</strong></span> <span class='ocrx_word' id='word_1_10' title='bbox 533 174 832 229; x_wconf 80' lang='lat' dir='ltr'><strong>incidamus</strong></span> <span class='ocrx_word' id='word_1_11' title='bbox 887 174 945 227; x_wconf 94' lang='lat' dir='ltr'><strong>in</strong></span> <span class='ocrx_word' id='word_1_12' title='bbox 996 173 1144 227; x_wconf 85' lang='lat' dir='ltr'><strong>iram.</strong></span> <span class='ocrx_word' id='word_1_13' title='bbox 1221 191 1348 226; x_wconf 89' lang='lat' dir='ltr'><strong>nam</strong></span> <span class='ocrx_word' id='word_1_14' title='bbox 1395 173 1442 227; x_wconf 93' lang='lat' dir='ltr'><strong>si</strong></span> <span class='ocrx_word' id='word_1_15' title='bbox 1488 173 1668 244; x_wconf 89' lang='lat' dir='ltr'><strong>coepit</strong></span> <span class='ocrx_word' id='word_1_16' title='bbox 1711 172 1848 226; x_wconf 88' lang='lat' dir='ltr'><strong>ferre</strong></span> 
     </span>
     <span class='ocr_line' id='line_1_3' title="bbox 139 248 1850 320; baseline -0.002 -15"><span class='ocrx_word' id='word_1_17' title='bbox 139 255 496 320; x_wconf 69' lang='lat' dir='ltr'><strong>transversos,</strong></span> <span class='ocrx_word' id='word_1_18' title='bbox 532 249 772 303; x_wconf 84' lang='lat' dir='ltr'><strong>difficilis</strong></span> <span class='ocrx_word' id='word_1_19' title='bbox 811 249 879 303; x_wconf 85' lang='lat' dir='ltr'><strong>ad</strong></span> <span class='ocrx_word' id='word_1_20' title='bbox 917 249 1145 303; x_wconf 83' lang='lat' dir='ltr'><strong>salutem</strong></span> <span class='ocrx_word' id='word_1_21' title='bbox 1174 265 1421 302; x_wconf 89' lang='lat' dir='ltr'><strong>recursus</strong></span> <span class='ocrx_word' id='word_1_22' title='bbox 1453 251 1556 317; x_wconf 90' lang='lat' dir='ltr'><strong>est,</strong></span> <span class='ocrx_word' id='word_1_23' title='bbox 1595 248 1850 319; x_wconf 85' lang='lat' dir='ltr'><strong>quoniam</strong></span> 
     </span>
     <span class='ocr_line' id='line_1_4' title="bbox 139 322 1851 394; baseline -0.002 -14"><span class='ocrx_word' id='word_1_24' title='bbox 139 327 279 380; x_wconf 87' lang='lat' dir='ltr'><strong>nihil</strong></span> <span class='ocrx_word' id='word_1_25' title='bbox 314 324 540 379; x_wconf 86' lang='lat' dir='ltr'><strong>rationis</strong></span> <span class='ocrx_word' id='word_1_26' title='bbox 578 327 684 394; x_wconf 91' lang='lat' dir='ltr'><strong>est,</strong></span> <span class='ocrx_word' id='word_1_27' title='bbox 720 324 815 378; x_wconf 94' lang='lat' dir='ltr'><strong>ubi</strong></span> <span class='ocrx_word' id='word_1_28' title='bbox 854 324 1020 378; x_wconf 91' lang='lat' dir='ltr'><strong>semel</strong></span> <span class='ocrx_word' id='word_1_29' title='bbox 1058 323 1297 377; x_wconf 85' lang='lat' dir='ltr'><strong>adfectus</strong></span> <span class='ocrx_word' id='word_1_30' title='bbox 1336 322 1588 378; x_wconf 82' lang='lat' dir='ltr'><strong>inductus</strong></span> <span class='ocrx_word' id='word_1_31' title='bbox 1628 326 1710 378; x_wconf 89' lang='lat' dir='ltr'><strong>est</strong></span> <span class='ocrx_word' id='word_1_32' title='bbox 1747 324 1851 377; x_wconf 91' lang='lat' dir='ltr'><strong>ius-</strong></span> 
     </span>
     <span class='ocr_line' id='line_1_5' title="bbox 142 398 1851 471; baseline -0.002 -16"><span class='ocrx_word' id='word_1_33' title='bbox 142 419 245 471; x_wconf 89' lang='lat' dir='ltr'><strong>que</strong></span> <span class='ocrx_word' id='word_1_34' title='bbox 282 400 367 454; x_wconf 92' lang='lat' dir='ltr'><strong>illi</strong></span> <span class='ocrx_word' id='word_1_35' title='bbox 404 399 626 470; x_wconf 82' lang='lat' dir='ltr'>aliquod</span> <span class='ocrx_word' id='word_1_36' title='bbox 663 399 943 452; x_wconf 83' lang='lat' dir='ltr'><strong>voluntate</strong></span> <span class='ocrx_word' id='word_1_37' title='bbox 980 401 1168 453; x_wconf 87' lang='lat' dir='ltr'><strong>nostra</strong></span> <span class='ocrx_word' id='word_1_38' title='bbox 1205 398 1391 451; x_wconf 89' lang='lat' dir='ltr'><strong>datum</strong></span> <span class='ocrx_word' id='word_1_39' title='bbox 1436 401 1540 451; x_wconf 87' lang='lat' dir='ltr'><strong>est·</strong></span> <span class='ocrx_word' id='word_1_40' title='bbox 1587 398 1749 452; x_wconf 87' lang='lat' dir='ltr'><strong>faciet</strong></span> <span class='ocrx_word' id='word_1_41' title='bbox 1786 398 1851 451; x_wconf 90' lang='lat' dir='ltr'><strong>de</strong></span> 
     </span>
    </p>

    <p class='ocr_par' dir='ltr' id='par_1_3' title="bbox 89 473 1961 845">
     <span class='ocr_line' id='line_1_6' title="bbox 89 473 1910 560; baseline 0.001 -34"><span class='ocrx_word' id='word_1_42' title='bbox 89 493 111 526; x_wconf 67' lang='grc' dir='ltr'>ε</span> <span class='ocrx_word' id='word_1_43' title='bbox 140 478 317 531; x_wconf 84' lang='lat' dir='ltr'><strong>cetero</strong></span> <span class='ocrx_word' id='word_1_44' title='bbox 372 477 635 560; x_wconf 89' lang='lat' dir='ltr'><strong>quantum</strong></span> <span class='ocrx_word' id='word_1_45' title='bbox 688 474 857 542; x_wconf 86' lang='lat' dir='ltr'><strong>volet,</strong></span> <span class='ocrx_word' id='word_1_46' title='bbox 909 491 1023 526; x_wconf 91' lang='lat' dir='ltr'><strong>non</strong></span> <span class='ocrx_word' id='word_1_47' title='bbox 1076 476 1338 543; x_wconf 87' lang='lat' dir='ltr'><strong>quantum</strong></span> <span class='ocrx_word' id='word_1_48' title='bbox 1398 473 1717 542; x_wconf 82' lang='lat' dir='ltr'>permiseris</span> <span class='ocrx_word' id='word_1_49' title='bbox 1795 473 1853 526; x_wconf 91' lang='lat' dir='ltr'><strong>in</strong></span> <span class='ocrx_word' id='word_1_50' title='bbox 1883 487 1910 528; x_wconf 78' lang='lat'>2</span> 
     </span>
     <span class='ocr_line' id='line_1_7' title="bbox 139 547 1853 621; baseline -0.001 -17"><span class='ocrx_word' id='word_1_51' title='bbox 139 550 352 621; x_wconf 84' lang='lat' dir='ltr'><strong>primis,</strong></span> <span class='ocrx_word' id='word_1_52' title='bbox 388 550 634 621; x_wconf 89' lang='lat' dir='ltr'><strong>inquam,</strong></span> <span class='ocrx_word' id='word_1_53' title='bbox 670 548 868 602; x_wconf 89' lang='lat' dir='ltr'><strong>finibus</strong></span> <span class='ocrx_word' id='word_1_54' title='bbox 906 547 1079 602; x_wconf 88' lang='lat' dir='ltr'><strong>hostis</strong></span> <span class='ocrx_word' id='word_1_55' title='bbox 1118 548 1378 602; x_wconf 88' lang='lat' dir='ltr'><strong>arcendus</strong></span> <span class='ocrx_word' id='word_1_56' title='bbox 1417 550 1528 617; x_wconf 80' lang='lat' dir='ltr'><strong>est3·</strong></span> <span class='ocrx_word' id='word_1_57' title='bbox 1563 566 1691 602; x_wconf 90' lang='lat' dir='ltr'><strong>nam</strong></span> <span class='ocrx_word' id='word_1_58' title='bbox 1729 565 1853 603; x_wconf 90' lang='lat' dir='ltr'><strong>cum</strong></span> 
     </span>
     <span class='ocr_line' id='line_1_8' title="bbox 140 588 1854 695; baseline -0.001 -16"><span class='ocrx_word' id='word_1_59' title='bbox 140 625 363 679; x_wconf 80' lang='lat' dir='ltr'><strong>intravit</strong></span> <span class='ocrx_word' id='word_1_60' title='bbox 401 628 456 679; x_wconf 88' lang='lat' dir='ltr'><strong>et</strong></span> <span class='ocrx_word' id='word_1_61' title='bbox 492 624 665 695; x_wconf 86' lang='lat' dir='ltr'><strong>portis</strong></span> <span class='ocrx_word' id='word_1_62' title='bbox 703 642 760 678; x_wconf 90' lang='lat' dir='ltr'><strong>se</strong></span> <span class='ocrx_word' id='word_1_63' title='bbox 799 623 1006 692; x_wconf 86' lang='lat' dir='ltr'><strong>intulit,</strong></span> <span class='ocrx_word' id='word_1_64' title='bbox 1046 623 1267 677; x_wconf 93' lang='lat' dir='ltr'><strong>modum</strong></span> <span class='ocrx_word' id='word_1_65' title='bbox 1298 642 1331 676; x_wconf 84' lang='lat' dir='ltr'><strong>a</strong></span> <span class='ocrx_word' id='word_1_66' title='bbox 1361 588 1588 693; x_wconf 72' lang='lat' dir='ltr'><strong>eapti⁷vis</strong></span> <span class='ocrx_word' id='word_1_67' title='bbox 1626 641 1740 677; x_wconf 93' lang='lat' dir='ltr'><strong>non</strong></span> <span class='ocrx_word' id='word_1_68' title='bbox 1769 640 1854 677; x_wconf 90' lang='lat' dir='ltr'><strong>ac·</strong></span> 
     </span>
     <span class='ocr_line' id='line_1_9' title="bbox 140 697 1961 770; baseline 0 -17"><span class='ocrx_word' id='word_1_69' title='bbox 140 700 287 770; x_wconf 89' lang='lat' dir='ltr'><strong>cipit.</strong></span> <span class='ocrx_word' id='word_1_70' title='bbox 364 718 539 770; x_wconf 89' lang='lat' dir='ltr'><strong>neque</strong></span> <span class='ocrx_word' id='word_1_71' title='bbox 577 699 722 753; x_wconf 85' lang='lat' dir='ltr'><strong>enim</strong></span> <span class='ocrx_word' id='word_1_72' title='bbox 760 699 1028 769; x_wconf 90' lang='lat' dir='ltr'><strong>sepositus</strong></span> <span class='ocrx_word' id='word_1_73' title='bbox 1067 701 1150 752; x_wconf 85' lang='lat' dir='ltr'><strong>est</strong></span> <span class='ocrx_word' id='word_1_74' title='bbox 1186 698 1397 752; x_wconf 90' lang='lat' dir='ltr'><strong>animus</strong></span> <span class='ocrx_word' id='word_1_75' title='bbox 1435 700 1489 751; x_wconf 89' lang='lat' dir='ltr'><strong>et</strong></span> <span class='ocrx_word' id='word_1_76' title='bbox 1523 697 1853 753; x_wconf 85' lang='lat' dir='ltr'><strong>extrinsecus</strong></span> <span class='ocrx_word' id='word_1_77' title='bbox 1948 710 1961 758; x_wconf 63' lang='grc'><strong>’1,</strong></span> 
     </span>
     <span class='ocr_line' id='line_1_10' title="bbox 142 773 1855 845; baseline -0.002 -16"><span class='ocrx_word' id='word_1_78' title='bbox 142 774 450 845; x_wconf 77' lang='lat' dir='ltr'><strong>speculatur</strong></span> <span class='ocrx_word' id='word_1_79' title='bbox 494 774 761 844; x_wconf 87' lang='lat' dir='ltr'><strong>adfectus,</strong></span> <span class='ocrx_word' id='word_1_80' title='bbox 809 776 872 827; x_wconf 83' lang='lat' dir='ltr'><strong>ut</strong></span> <span class='ocrx_word' id='word_1_81' title='bbox 920 773 1046 827; x_wconf 85' lang='lat' dir='ltr'><strong>illos</strong></span> <span class='ocrx_word' id='word_1_82' title='bbox 1083 791 1197 827; x_wconf 94' lang='lat' dir='ltr'><strong>non</strong></span> <span class='ocrx_word' id='word_1_83' title='bbox 1234 773 1472 843; x_wconf 85' lang='lat' dir='ltr'><strong>patiatur</strong></span> <span class='ocrx_word' id='word_1_84' title='bbox 1508 773 1652 826; x_wconf 84' lang='lat' dir='ltr'><strong>ultra</strong></span> <span class='ocrx_word' id='word_1_85' title='bbox 1690 790 1855 842; x_wconf 89' lang='lat' dir='ltr'><strong>quam</strong></span> 
     </span>
    </p>

    <p class='ocr_par' dir='ltr' id='par_1_4' title="bbox 68 846 1971 1219">
     <span class='ocr_line' id='line_1_11' title="bbox 68 846 1968 921; baseline 0 -21"><span class='ocrx_word' id='word_1_86' title='bbox 68 866 112 901; x_wconf 86' lang='grc' dir='ltr'><strong>ιο</strong></span> <span class='ocrx_word' id='word_1_87' title='bbox 142 852 359 921; x_wconf 81' lang='lat' dir='ltr'><strong>oportet</strong></span> <span class='ocrx_word' id='word_1_88' title='bbox 393 849 703 921; x_wconf 79' lang='lat' dir='ltr'>procedere,</span> <span class='ocrx_word' id='word_1_89' title='bbox 746 848 839 903; x_wconf 90' lang='lat' dir='ltr'><strong>sed</strong></span> <span class='ocrx_word' id='word_1_90' title='bbox 877 848 936 902; x_wconf 92' lang='lat' dir='ltr'><strong>in</strong></span> <span class='ocrx_word' id='word_1_91' title='bbox 973 847 1244 901; x_wconf 86' lang='lat' dir='ltr'><strong>adfectum</strong></span> <span class='ocrx_word' id='word_1_92' title='bbox 1281 848 1398 918; x_wconf 91' lang='lat' dir='ltr'><strong>ipse</strong></span> <span class='ocrx_word' id='word_1_93' title='bbox 1435 850 1676 902; x_wconf 85' lang='lat' dir='ltr'><strong>mutatur</strong></span> <span class='ocrx_word' id='word_1_94' title='bbox 1711 847 1855 901; x_wconf 89' lang='lat' dir='ltr'><strong>ideo·</strong></span> <span class='ocrx_word' id='word_1_95' title='bbox 1966 846 1968 867; x_wconf 81' lang='lat'>²</span> 
     </span>
     <span class='ocr_line' id='line_1_12' title="bbox 141 922 1966 996; baseline -0.002 -17"><span class='ocrx_word' id='word_1_96' title='bbox 141 944 248 996; x_wconf 88' lang='lat' dir='ltr'><strong>que</strong></span> <span class='ocrx_word' id='word_1_97' title='bbox 283 943 398 979; x_wconf 90' lang='lat' dir='ltr'><strong>non</strong></span> <span class='ocrx_word' id='word_1_98' title='bbox 433 927 615 996; x_wconf 82' lang='lat' dir='ltr'><strong>potest</strong></span> <span class='ocrx_word' id='word_1_99' title='bbox 643 924 833 984; x_wconf 88' lang='lat' dir='ltr'><strong>utilem</strong></span> <span class='ocrx_word' id='word_1_100' title='bbox 864 923 1014 976; x_wconf 87' lang='lat' dir='ltr'><strong>illam</strong></span> <span class='ocrx_word' id='word_1_101' title='bbox 1038 923 1150 976; x_wconf 81' lang='lat' dir='ltr'><strong>vim</strong></span> <span class='ocrx_word' id='word_1_102' title='bbox 1180 925 1235 976; x_wconf 91' lang='lat' dir='ltr'><strong>et</strong></span> <span class='ocrx_word' id='word_1_103' title='bbox 1265 923 1554 976; x_wconf 88' lang='lat' dir='ltr'><strong>salutarem</strong></span> <span class='ocrx_word' id='word_1_104' title='bbox 1583 922 1855 994; x_wconf 88' lang='lat' dir='ltr'><strong>proditam</strong></span> <span class='ocrx_word' id='word_1_105' title='bbox 1960 931 1966 967; x_wconf 60' lang='grc' dir='ltr'>ἒ</span> 
     </span>
     <span class='ocr_line' id='line_1_13' title="bbox 142 970 1971 1069; baseline -0.001 -15"><span class='ocrx_word' id='word_1_106' title='bbox 142 1001 250 1054; x_wconf 91' lang='lat' dir='ltr'><strong>iam</strong></span> <span class='ocrx_word' id='word_1_107' title='bbox 302 999 735 1069; x_wconf 87' lang='lat' dir='ltr'><strong>infirmatamque</strong></span> <span class='ocrx_word' id='word_1_108' title='bbox 787 1016 1051 1052; x_wconf 84' lang='lat' dir='ltr'><strong>revocare.</strong></span> <span class='ocrx_word' id='word_1_109' title='bbox 1127 1015 1241 1051; x_wconf 91' lang='lat' dir='ltr'><strong>non</strong></span> <span class='ocrx_word' id='word_1_110' title='bbox 1278 998 1447 1067; x_wconf 83' lang='lat' dir='ltr'><strong>enim,</strong></span> <span class='ocrx_word' id='word_1_111' title='bbox 1497 1000 1561 1051; x_wconf 91' lang='lat' dir='ltr'><strong>ut</strong></span> <span class='ocrx_word' id='word_1_112' title='bbox 1597 997 1731 1067; x_wconf 79' lang='lat' dir='ltr'><strong>dixi,</strong></span> <span class='ocrx_word' id='word_1_113' title='bbox 1778 1015 1856 1052; x_wconf 88' lang='lat' dir='ltr'><strong>se·</strong></span> <span class='ocrx_word' id='word_1_114' title='bbox 1885 1012 1913 1052; x_wconf 77' lang='lat'><strong>3</strong></span> <span class='ocrx_word' id='word_1_115' title='bbox 1961 970 1971 1026; x_wconf 46' lang='grc' dir='ltr'>ι</span> 
     </span>
     <span class='ocr_line' id='line_1_14' title="bbox 141 1072 1854 1145; baseline -0.002 -16"><span class='ocrx_word' id='word_1_116' title='bbox 141 1077 356 1145; x_wconf 85' lang='lat' dir='ltr'><strong>paratas</strong></span> <span class='ocrx_word' id='word_1_117' title='bbox 393 1074 499 1128; x_wconf 88' lang='lat' dir='ltr'><strong>ista</strong></span> <span class='ocrx_word' id='word_1_118' title='bbox 529 1074 679 1128; x_wconf 86' lang='lat' dir='ltr'><strong>sedes</strong></span> <span class='ocrx_word' id='word_1_119' title='bbox 711 1092 835 1128; x_wconf 82' lang='lat' dir='ltr'><strong>suas</strong></span> <span class='ocrx_word' id='word_1_120' title='bbox 867 1073 1218 1143; x_wconf 85' lang='lat' dir='ltr'><strong>diductasque</strong></span> <span class='ocrx_word' id='word_1_121' title='bbox 1248 1072 1470 1141; x_wconf 89' lang='lat' dir='ltr'><strong>habent,</strong></span> <span class='ocrx_word' id='word_1_122' title='bbox 1507 1072 1601 1126; x_wconf 90' lang='lat' dir='ltr'><strong>sed</strong></span> <span class='ocrx_word' id='word_1_123' title='bbox 1632 1072 1854 1126; x_wconf 86' lang='lat' dir='ltr'><strong>affectus</strong></span> 
     </span>
     <span class='ocr_line' id='line_1_15' title="bbox 141 1147 1857 1219; baseline -0.002 -16"><span class='ocrx_word' id='word_1_124' title='bbox 141 1153 197 1203; x_wconf 85' lang='lat' dir='ltr'><strong>et</strong></span> <span class='ocrx_word' id='word_1_125' title='bbox 241 1149 381 1203; x_wconf 88' lang='lat' dir='ltr'><strong>ratio</strong></span> <span class='ocrx_word' id='word_1_126' title='bbox 432 1149 491 1203; x_wconf 89' lang='lat' dir='ltr'><strong>in</strong></span> <span class='ocrx_word' id='word_1_127' title='bbox 539 1149 732 1203; x_wconf 84' lang='lat' dir='ltr'><strong>melius</strong></span> <span class='ocrx_word' id='word_1_128' title='bbox 781 1148 1042 1219; x_wconf 84' lang='lat' dir='ltr'><strong>peiusque</strong></span> <span class='ocrx_word' id='word_1_129' title='bbox 1080 1148 1309 1201; x_wconf 85' lang='lat' dir='ltr'><strong>mutatio</strong></span> <span class='ocrx_word' id='word_1_130' title='bbox 1349 1147 1516 1201; x_wconf 86' lang='lat' dir='ltr'><strong>am&#39;mi</strong></span> <span class='ocrx_word' id='word_1_131' title='bbox 1553 1149 1646 1201; x_wconf 88' lang='lat' dir='ltr'><strong>est.</strong></span> <span class='ocrx_word' id='word_1_132' title='bbox 1725 1164 1857 1217; x_wconf 89' lang='lat' dir='ltr'><strong>quo·</strong></span> 
     </span>
    </p>

    <p class='ocr_par' dir='ltr' id='par_1_5' title="bbox 70 1222 1918 1593">
     <span class='ocr_line' id='line_1_16' title="bbox 70 1222 1858 1296; baseline 0.001 -22"><span class='ocrx_word' id='word_1_133' title='bbox 70 1239 113 1274; x_wconf 67' lang='grc' dir='ltr'><strong>ιι</strong></span> <span class='ocrx_word' id='word_1_134' title='bbox 142 1224 304 1279; x_wconf 88' lang='lat' dir='ltr'><strong>modo</strong></span> <span class='ocrx_word' id='word_1_135' title='bbox 354 1242 484 1296; x_wconf 87' lang='lat' dir='ltr'><strong>ergo</strong></span> <span class='ocrx_word' id='word_1_136' title='bbox 534 1225 674 1278; x_wconf 87' lang='lat' dir='ltr'><strong>ratio</strong></span> <span class='ocrx_word' id='word_1_137' title='bbox 725 1226 988 1294; x_wconf 88' lang='lat' dir='ltr'><strong>occupata</strong></span> <span class='ocrx_word' id='word_1_138' title='bbox 1026 1225 1080 1276; x_wconf 89' lang='lat' dir='ltr'><strong>et</strong></span> <span class='ocrx_word' id='word_1_139' title='bbox 1118 1240 1376 1292; x_wconf 87' lang='lat' dir='ltr'><strong>oppressa</strong></span> <span class='ocrx_word' id='word_1_140' title='bbox 1413 1222 1560 1277; x_wconf 86' lang='lat' dir='ltr'><strong>vitiis</strong></span> <span class='ocrx_word' id='word_1_141' title='bbox 1599 1224 1858 1294; x_wconf 87' lang='lat' dir='ltr'><strong>resurget,</strong></span> 
     </span>
     <span class='ocr_line' id='line_1_17' title="bbox 142 1297 1858 1370; baseline -0.001 -17"><span class='ocrx_word' id='word_1_142' title='bbox 142 1317 281 1370; x_wconf 84' lang='lat' dir='ltr'><strong>quae</strong></span> <span class='ocrx_word' id='word_1_143' title='bbox 326 1299 436 1353; x_wconf 83' lang='lat' dir='ltr'><strong>irae</strong></span> <span class='ocrx_word' id='word_1_144' title='bbox 497 1298 694 1352; x_wconf 81' lang='lat' dir='ltr'><strong>cessit?</strong></span> <span class='ocrx_word' id='word_1_145' title='bbox 784 1301 879 1351; x_wconf 89' lang='lat' dir='ltr'><strong>aut</strong></span> <span class='ocrx_word' id='word_1_146' title='bbox 920 1297 1373 1367; x_wconf 80' lang='lat' dir='ltr'><strong>quemadmodum</strong></span> <span class='ocrx_word' id='word_1_147' title='bbox 1422 1316 1490 1351; x_wconf 82' lang='lat' dir='ltr'><strong>ex</strong></span> <span class='ocrx_word' id='word_1_148' title='bbox 1542 1297 1858 1360; x_wconf 79' lang='lat' dir='ltr'><strong>confusione</strong></span> 
     </span>
     <span class='ocr_line' id='line_1_18' title="bbox 143 1371 1918 1471; baseline -0.001 -42"><span class='ocrx_word' id='word_1_149' title='bbox 143 1393 201 1429; x_wconf 86' lang='lat' dir='ltr'><strong>se</strong></span> <span class='ocrx_word' id='word_1_150' title='bbox 237 1374 508 1442; x_wconf 78' lang='lat' dir='ltr'><strong>liberabit,</strong></span> <span class='ocrx_word' id='word_1_151' title='bbox 548 1373 606 1426; x_wconf 92' lang='lat' dir='ltr'><strong>in</strong></span> <span class='ocrx_word' id='word_1_152' title='bbox 632 1391 775 1471; x_wconf 91' lang='lat' dir='ltr'><strong>qua</strong></span> <span class='ocrx_word' id='word_1_153' title='bbox 788 1373 1034 1443; x_wconf 87' lang='lat' dir='ltr'><strong>peiorum</strong></span> <span class='ocrx_word' id='word_1_154' title='bbox 1072 1373 1308 1426; x_wconf 86' lang='lat' dir='ltr'><strong>mixtura</strong></span> <span class='ocrx_word' id='word_1_155' title='bbox 1344 1372 1682 1442; x_wconf 79' lang='lat' dir='ltr'><strong>praevaluit?</strong></span> <span class='ocrx_word' id='word_1_156' title='bbox 1745 1371 1858 1427; x_wconf 72' lang='lat' dir='ltr'><strong>‘sed</strong></span> <span class='ocrx_word' id='word_1_157' title='bbox 1888 1387 1918 1428; x_wconf 79' lang='lat'>4</span> 
     </span>
     <span class='ocr_line' id='line_1_19' title="bbox 144 1446 1860 1519; baseline -0.001 -17"><span class='ocrx_word' id='word_1_158' title='bbox 144 1447 383 1519; x_wconf 85' lang='lat' dir='ltr'><strong>quidam&#39;</strong></span> <span class='ocrx_word' id='word_1_159' title='bbox 423 1446 647 1518; x_wconf 77' lang='lat' dir='ltr'><strong>inquit‘</strong></span> <span class='ocrx_word' id='word_1_160' title='bbox 653 1449 710 1501; x_wconf 88' lang='grc' dir='ltr'><strong>ιιι</strong></span> <span class='ocrx_word' id='word_1_161' title='bbox 760 1448 841 1501; x_wconf 89' lang='lat' dir='ltr'><strong>ira</strong></span> <span class='ocrx_word' id='word_1_162' title='bbox 890 1466 945 1502; x_wconf 91' lang='lat' dir='ltr'><strong>se</strong></span> <span class='ocrx_word' id='word_1_163' title='bbox 996 1446 1309 1502; x_wconf 63' lang='lat' dir='ltr'><strong>continent?</strong></span> <span class='ocrx_word' id='word_1_164' title='bbox 1385 1450 1568 1500; x_wconf 88' lang='lat' dir='ltr'><strong>utrum</strong></span> <span class='ocrx_word' id='word_1_165' title='bbox 1614 1465 1742 1518; x_wconf 89' lang='lat' dir='ltr'><strong>ergo</strong></span> <span class='ocrx_word' id='word_1_166' title='bbox 1783 1448 1860 1506; x_wconf 83' lang='lat' dir='ltr'><strong>ita</strong></span> 
     </span>
     <span class='ocr_line' id='line_1_20' title="bbox 144 1521 1859 1593; baseline -0.002 -16"><span class='ocrx_word' id='word_1_167' title='bbox 144 1526 207 1577; x_wconf 84' lang='lat' dir='ltr'><strong>ut</strong></span> <span class='ocrx_word' id='word_1_168' title='bbox 253 1523 393 1577; x_wconf 91' lang='lat' dir='ltr'><strong>nihil</strong></span> <span class='ocrx_word' id='word_1_169' title='bbox 437 1523 640 1577; x_wconf 89' lang='lat' dir='ltr'><strong>faciant</strong></span> <span class='ocrx_word' id='word_1_170' title='bbox 685 1541 870 1577; x_wconf 91' lang='lat' dir='ltr'><strong>eorum</strong></span> <span class='ocrx_word' id='word_1_171' title='bbox 911 1540 1047 1593; x_wconf 86' lang='lat' dir='ltr'><strong>quae</strong></span> <span class='ocrx_word' id='word_1_172' title='bbox 1085 1524 1166 1576; x_wconf 87' lang='lat' dir='ltr'><strong>ira</strong></span> <span class='ocrx_word' id='word_1_173' title='bbox 1204 1522 1372 1576; x_wconf 89' lang='lat' dir='ltr'><strong>dictat</strong></span> <span class='ocrx_word' id='word_1_174' title='bbox 1409 1541 1479 1575; x_wconf 92' lang='lat' dir='ltr'><strong>an</strong></span> <span class='ocrx_word' id='word_1_175' title='bbox 1516 1525 1578 1575; x_wconf 87' lang='lat' dir='ltr'><strong>ut</strong></span> <span class='ocrx_word' id='word_1_176' title='bbox 1617 1521 1859 1592; x_wconf 80' lang='lat' dir='ltr'><strong>aliquid?</strong></span> 
     </span>
    </p>

    <p class='ocr_par' dir='ltr' id='par_1_6' title="bbox 71 1597 1918 1968">
     <span class='ocr_line' id='line_1_21' title="bbox 71 1597 1858 1668; baseline 0.001 -20"><span class='ocrx_word' id='word_1_177' title='bbox 71 1612 117 1648; x_wconf 73' lang='lat' dir='ltr'><strong>no</strong></span> <span class='ocrx_word' id='word_1_178' title='bbox 146 1599 192 1653; x_wconf 92' lang='lat' dir='ltr'><strong>si</strong></span> <span class='ocrx_word' id='word_1_179' title='bbox 229 1598 369 1652; x_wconf 82' lang='lat' dir='ltr'><strong>nihil</strong></span> <span class='ocrx_word' id='word_1_180' title='bbox 418 1598 649 1668; x_wconf 84' lang='lat' dir='ltr'><strong>faciunt,</strong></span> <span class='ocrx_word' id='word_1_181' title='bbox 697 1601 922 1668; x_wconf 83' lang='lat' dir='ltr'><strong>apparet</strong></span> <span class='ocrx_word' id='word_1_182' title='bbox 971 1616 1083 1651; x_wconf 92' lang='lat' dir='ltr'><strong>non</strong></span> <span class='ocrx_word' id='word_1_183' title='bbox 1129 1615 1243 1651; x_wconf 90' lang='lat' dir='ltr'><strong>esse</strong></span> <span class='ocrx_word' id='word_1_184' title='bbox 1289 1597 1357 1650; x_wconf 85' lang='lat' dir='ltr'><strong>ad</strong></span> <span class='ocrx_word' id='word_1_185' title='bbox 1403 1598 1640 1651; x_wconf 77' lang='lat' dir='ltr'><strong>actiones</strong></span> <span class='ocrx_word' id='word_1_186' title='bbox 1680 1614 1858 1650; x_wconf 86' lang='lat' dir='ltr'><strong>rerum</strong></span> 
     </span>
     <span class='ocr_line' id='line_1_22' title="bbox 145 1671 1859 1743; baseline -0.002 -15"><span class='ocrx_word' id='word_1_187' title='bbox 145 1674 499 1728; x_wconf 85' lang='lat' dir='ltr'><strong>necessariam</strong></span> <span class='ocrx_word' id='word_1_188' title='bbox 562 1674 719 1742; x_wconf 87' lang='lat' dir='ltr'><strong>iram,</strong></span> <span class='ocrx_word' id='word_1_189' title='bbox 781 1691 943 1743; x_wconf 88' lang='lat' dir='ltr'><strong>quam</strong></span> <span class='ocrx_word' id='word_1_190' title='bbox 998 1691 1118 1742; x_wconf 86' lang='lat' dir='ltr'><strong>vos,</strong></span> <span class='ocrx_word' id='word_1_191' title='bbox 1180 1673 1335 1743; x_wconf 83' lang='lat' dir='ltr'><strong>quasi</strong></span> <span class='ocrx_word' id='word_1_192' title='bbox 1396 1672 1591 1726; x_wconf 85' lang='lat' dir='ltr'><strong>fortius</strong></span> <span class='ocrx_word' id='word_1_193' title='bbox 1654 1671 1859 1742; x_wconf 87' lang='lat' dir='ltr'><strong>aliquid</strong></span> 
     </span>
     <span class='ocr_line' id='line_1_23' title="bbox 146 1747 1918 1819; baseline -0.001 -16"><span class='ocrx_word' id='word_1_194' title='bbox 146 1750 354 1803; x_wconf 82' lang='lat' dir='ltr'><strong>ratione</strong></span> <span class='ocrx_word' id='word_1_195' title='bbox 369 1748 611 1818; x_wconf 86' lang='lat' dir='ltr'><strong>haberet,</strong></span> <span class='ocrx_word' id='word_1_196' title='bbox 635 1747 993 1803; x_wconf 82' lang='lat' dir='ltr'><strong>advocabatis.</strong></span> <span class='ocrx_word' id='word_1_197' title='bbox 1026 1747 1257 1818; x_wconf 91' lang='lat' dir='ltr'><strong>denique</strong></span> <span class='ocrx_word' id='word_1_198' title='bbox 1281 1748 1579 1819; x_wconf 82' lang='lat' dir='ltr'><strong>interrogO.</strong></span> <span class='ocrx_word' id='word_1_199' title='bbox 1595 1747 1862 1807; x_wconf 81' lang='lat' dir='ltr'><strong>valentior</strong></span> <span class='ocrx_word' id='word_1_200' title='bbox 1891 1761 1918 1802; x_wconf 81' lang='lat'>5</span> 
     </span>
     <span class='ocr_line' id='line_1_24' title="bbox 147 1821 1859 1907; baseline -0.002 -29"><span class='ocrx_word' id='word_1_201' title='bbox 147 1827 230 1878; x_wconf 83' lang='lat' dir='ltr'><strong>est</strong></span> <span class='ocrx_word' id='word_1_202' title='bbox 281 1840 443 1893; x_wconf 90' lang='lat' dir='ltr'><strong>quam</strong></span> <span class='ocrx_word' id='word_1_203' title='bbox 488 1824 628 1877; x_wconf 86' lang='lat' dir='ltr'><strong>ratio</strong></span> <span class='ocrx_word' id='word_1_204' title='bbox 673 1842 744 1877; x_wconf 90' lang='lat' dir='ltr'><strong>an</strong></span> <span class='ocrx_word' id='word_1_205' title='bbox 790 1821 1092 1876; x_wconf 79' lang='lat' dir='ltr'><strong>infirmior?</strong></span> <span class='ocrx_word' id='word_1_206' title='bbox 1167 1823 1214 1876; x_wconf 91' lang='lat' dir='ltr'><strong>si</strong></span> <span class='ocrx_word' id='word_1_207' title='bbox 1252 1823 1539 1891; x_wconf 85' lang='lat' dir='ltr'><strong>valentior,</strong></span> <span class='ocrx_word' id='word_1_208' title='bbox 1587 1821 1859 1907; x_wconf 81' lang='lat' dir='ltr'><strong>quomodo</strong></span> 
     </span>
     <span class='ocr_line' id='line_1_25' title="bbox 148 1896 1861 1983; baseline -0.002 -30"><span class='ocrx_word' id='word_1_209' title='bbox 148 1898 230 1952; x_wconf 91' lang='lat' dir='ltr'><strong>illi</strong></span> <span class='ocrx_word' id='word_1_210' title='bbox 283 1898 503 1953; x_wconf 90' lang='lat' dir='ltr'><strong>modum</strong></span> <span class='ocrx_word' id='word_1_211' title='bbox 555 1898 695 1952; x_wconf 83' lang='lat' dir='ltr'><strong>ratio</strong></span> <span class='ocrx_word' id='word_1_212' title='bbox 749 1898 951 1968; x_wconf 87' lang='lat' dir='ltr'><strong>poterit</strong></span> <span class='ocrx_word' id='word_1_213' title='bbox 1003 1898 1301 1983; x_wconf 85' lang='lat' dir='ltr'><strong>imponere,</strong></span> <span class='ocrx_word' id='word_1_214' title='bbox 1354 1915 1479 1951; x_wconf 92' lang='lat' dir='ltr'><strong>cum</strong></span> <span class='ocrx_word' id='word_1_215' title='bbox 1523 1915 1709 1968; x_wconf 86' lang='lat' dir='ltr'><strong>parere</strong></span> <span class='ocrx_word' id='word_1_216' title='bbox 1754 1896 1861 1951; x_wconf 86' lang='lat' dir='ltr'><strong>nisi</strong></span> 
     </span>
    </p>

    <p class='ocr_par' dir='ltr' id='par_1_7' title="bbox 73 1971 1921 2342">
     <span class='ocr_line' id='line_1_26' title="bbox 73 1971 1861 2042; baseline -0.001 -15"><span class='ocrx_word' id='word_1_217' title='bbox 73 1985 118 2021; x_wconf 59' lang='grc' dir='ltr'><strong>π</strong></span> <span class='ocrx_word' id='word_1_218' title='bbox 148 1973 502 2027; x_wconf 89' lang='lat' dir='ltr'><strong>imbecilliora</strong></span> <span class='ocrx_word' id='word_1_219' title='bbox 549 1990 661 2027; x_wconf 92' lang='lat' dir='ltr'><strong>non</strong></span> <span class='ocrx_word' id='word_1_220' title='bbox 711 1971 955 2027; x_wconf 76' lang='lat' dir='ltr'><strong>soleant?</strong></span> <span class='ocrx_word' id='word_1_221' title='bbox 1030 1973 1077 2027; x_wconf 93' lang='lat' dir='ltr'><strong>si</strong></span> <span class='ocrx_word' id='word_1_222' title='bbox 1127 1972 1392 2026; x_wconf 87' lang='lat' dir='ltr'><strong>infirmior</strong></span> <span class='ocrx_word' id='word_1_223' title='bbox 1441 1974 1545 2042; x_wconf 87' lang='lat' dir='ltr'><strong>est,</strong></span> <span class='ocrx_word' id='word_1_224' title='bbox 1595 1972 1709 2026; x_wconf 90' lang='lat' dir='ltr'><strong>sine</strong></span> <span class='ocrx_word' id='word_1_225' title='bbox 1760 1971 1861 2026; x_wconf 88' lang='lat' dir='ltr'><strong>hac</strong></span> 
     </span>
     <span class='ocr_line' id='line_1_27' title="bbox 148 2046 1863 2118; baseline -0.002 -15"><span class='ocrx_word' id='word_1_226' title='bbox 148 2065 245 2118; x_wconf 84' lang='lat' dir='ltr'><strong>per</strong></span> <span class='ocrx_word' id='word_1_227' title='bbox 297 2066 354 2103; x_wconf 87' lang='lat' dir='ltr'><strong>se</strong></span> <span class='ocrx_word' id='word_1_228' title='bbox 402 2047 470 2102; x_wconf 84' lang='lat' dir='ltr'><strong>ad</strong></span> <span class='ocrx_word' id='word_1_229' title='bbox 520 2065 698 2101; x_wconf 85' lang='lat' dir='ltr'><strong>rerum</strong></span> <span class='ocrx_word' id='word_1_230' title='bbox 747 2047 968 2101; x_wconf 83' lang='lat' dir='ltr'><strong>effectus</strong></span> <span class='ocrx_word' id='word_1_231' title='bbox 1019 2047 1223 2102; x_wconf 83' lang='lat' dir='ltr'><strong>sufficit</strong></span> <span class='ocrx_word' id='word_1_232' title='bbox 1270 2047 1409 2100; x_wconf 87' lang='lat' dir='ltr'><strong>ratio</strong></span> <span class='ocrx_word' id='word_1_233' title='bbox 1459 2065 1559 2101; x_wconf 92' lang='lat' dir='ltr'><strong>nec</strong></span> <span class='ocrx_word' id='word_1_234' title='bbox 1597 2046 1863 2102; x_wconf 85' lang='lat' dir='ltr'><strong>desiderat</strong></span> 
     </span>
     <span class='ocr_line' id='line_1_28' title="bbox 148 2120 1921 2192; baseline 0.001 -17"><span class='ocrx_word' id='word_1_235' title='bbox 148 2122 496 2177; x_wconf 84' lang='lat' dir='ltr'><strong>inbecillioris</strong></span> <span class='ocrx_word' id='word_1_236' title='bbox 542 2122 817 2176; x_wconf 83' lang='lat' dir='ltr'><strong>auxilium.</strong></span> <span class='ocrx_word' id='word_1_237' title='bbox 902 2120 980 2175; x_wconf 88' lang='lat' dir='ltr'><strong>at</strong></span> <span class='ocrx_word' id='word_1_238' title='bbox 1024 2122 1147 2176; x_wconf 88' lang='lat' dir='ltr'><strong>irati</strong></span> <span class='ocrx_word' id='word_1_239' title='bbox 1197 2121 1416 2192; x_wconf 89' lang='lat' dir='ltr'><strong>quidam</strong></span> <span class='ocrx_word' id='word_1_240' title='bbox 1463 2125 1714 2176; x_wconf 87' lang='lat' dir='ltr'><strong>constant</strong></span> <span class='ocrx_word' id='word_1_241' title='bbox 1758 2121 1861 2176; x_wconf 91' lang='lat' dir='ltr'><strong>sibi</strong></span> <span class='ocrx_word' id='word_1_242' title='bbox 1893 2135 1921 2176; x_wconf 77' lang='lat'>6</span> 
     </span>
     <span class='ocr_line' id='line_1_29' title="bbox 148 2195 1862 2266; baseline -0.002 -14"><span class='ocrx_word' id='word_1_243' title='bbox 148 2199 204 2251; x_wconf 80' lang='lat' dir='ltr'><strong>et</strong></span> <span class='ocrx_word' id='word_1_244' title='bbox 248 2214 305 2251; x_wconf 81' lang='lat' dir='ltr'><strong>se</strong></span> <span class='ocrx_word' id='word_1_245' title='bbox 356 2196 670 2251; x_wconf 63' lang='lat' dir='ltr'><strong>continent?</strong></span> <span class='ocrx_word' id='word_1_246' title='bbox 747 2195 1001 2266; x_wconf 81' lang='lat' dir='ltr'><strong>quando?</strong></span> <span class='ocrx_word' id='word_1_247' title='bbox 1074 2214 1198 2250; x_wconf 93' lang='lat' dir='ltr'><strong>cum</strong></span> <span class='ocrx_word' id='word_1_248' title='bbox 1238 2197 1343 2250; x_wconf 90' lang='lat' dir='ltr'><strong>iam</strong></span> <span class='ocrx_word' id='word_1_249' title='bbox 1384 2197 1464 2250; x_wconf 87' lang='lat' dir='ltr'><strong>ira</strong></span> <span class='ocrx_word' id='word_1_250' title='bbox 1502 2197 1770 2251; x_wconf 82' lang='lat' dir='ltr'><strong>evanescit</strong></span> <span class='ocrx_word' id='word_1_251' title='bbox 1807 2198 1862 2249; x_wconf 88' lang='lat' dir='ltr'><strong>et</strong></span> 
     </span>
     <span class='ocr_line' id='line_1_30' title="bbox 150 2271 1862 2342; baseline -0.001 -17"><span class='ocrx_word' id='word_1_252' title='bbox 150 2288 247 2325; x_wconf 87' lang='lat' dir='ltr'><strong>sua</strong></span> <span class='ocrx_word' id='word_1_253' title='bbox 285 2275 477 2341; x_wconf 82' lang='lat' dir='ltr'><strong>sponte</strong></span> <span class='ocrx_word' id='word_1_254' title='bbox 515 2271 747 2340; x_wconf 85' lang='lat' dir='ltr'><strong>decedit,</strong></span> <span class='ocrx_word' id='word_1_255' title='bbox 783 2289 895 2325; x_wconf 92' lang='lat' dir='ltr'><strong>non</strong></span> <span class='ocrx_word' id='word_1_256' title='bbox 933 2289 1056 2325; x_wconf 91' lang='lat' dir='ltr'><strong>cum</strong></span> <span class='ocrx_word' id='word_1_257' title='bbox 1096 2272 1153 2325; x_wconf 89' lang='lat' dir='ltr'><strong>in</strong></span> <span class='ocrx_word' id='word_1_258' title='bbox 1192 2272 1311 2342; x_wconf 90' lang='lat' dir='ltr'><strong>ipso</strong></span> <span class='ocrx_word' id='word_1_259' title='bbox 1351 2271 1559 2325; x_wconf 82' lang='lat' dir='ltr'><strong>fervore</strong></span> <span class='ocrx_word' id='word_1_260' title='bbox 1598 2275 1701 2340; x_wconf 86' lang='lat' dir='ltr'><strong>est3</strong></span> <span class='ocrx_word' id='word_1_261' title='bbox 1731 2274 1862 2324; x_wconf 87' lang='lat' dir='ltr'><strong>tunc</strong></span> 
     </span>
    </p>

    <p class='ocr_par' dir='ltr' id='par_1_8' title="bbox 75 2345 1921 2492">
     <span class='ocr_line' id='line_1_31' title="bbox 75 2345 1921 2417; baseline 0 -18"><span class='ocrx_word' id='word_1_262' title='bbox 75 2359 122 2394; x_wconf 69' lang='grc' dir='ltr'><strong><em>ω</em></strong></span> <span class='ocrx_word' id='word_1_263' title='bbox 150 2346 292 2399; x_wconf 88' lang='lat' dir='ltr'><strong>enim</strong></span> <span class='ocrx_word' id='word_1_264' title='bbox 331 2347 606 2415; x_wconf 81' lang='lat' dir='ltr'><strong>potentior</strong></span> <span class='ocrx_word' id='word_1_265' title='bbox 643 2350 736 2400; x_wconf 84' lang='lat' dir='ltr'><strong>est.</strong></span> <span class='ocrx_word' id='word_1_266' title='bbox 801 2345 948 2415; x_wconf 79' lang='lat' dir='ltr'><strong>‘quid</strong></span> <span class='ocrx_word' id='word_1_267' title='bbox 989 2346 1155 2417; x_wconf 80' lang='lat' dir='ltr'><strong>ergo?</strong></span> <span class='ocrx_word' id='word_1_268' title='bbox 1214 2364 1326 2400; x_wconf 89' lang='lat' dir='ltr'><strong>non</strong></span> <span class='ocrx_word' id='word_1_269' title='bbox 1365 2346 1654 2416; x_wconf 86' lang='lat' dir='ltr'><strong>aliquando</strong></span> <span class='ocrx_word' id='word_1_270' title='bbox 1694 2346 1751 2399; x_wconf 94' lang='lat' dir='ltr'><strong>in</strong></span> <span class='ocrx_word' id='word_1_271' title='bbox 1783 2346 1863 2399; x_wconf 91' lang='lat' dir='ltr'><strong>ira</strong></span> <span class='ocrx_word' id='word_1_272' title='bbox 1895 2358 1921 2399; x_wconf 79' lang='grc'><strong>7</strong></span> 
     </span>
     <span class='ocr_line' id='line_1_32' title="bbox 152 2420 1863 2492; baseline 0.001 -18"><span class='ocrx_word' id='word_1_273' title='bbox 152 2438 366 2490; x_wconf 86' lang='lat' dir='ltr'><strong>quoque</strong></span> <span class='ocrx_word' id='word_1_274' title='bbox 389 2424 443 2474; x_wconf 86' lang='lat' dir='ltr'><strong>et</strong></span> <span class='ocrx_word' id='word_1_275' title='bbox 474 2420 755 2475; x_wconf 84' lang='lat' dir='ltr'><strong>dimittunt</strong></span> <span class='ocrx_word' id='word_1_276' title='bbox 784 2421 1080 2475; x_wconf 88' lang='lat' dir='ltr'><strong>incolumes</strong></span> <span class='ocrx_word' id='word_1_277' title='bbox 1104 2421 1442 2491; x_wconf 81' lang='lat' dir='ltr'><strong>intactosque</strong></span> <span class='ocrx_word' id='word_1_278' title='bbox 1466 2439 1601 2492; x_wconf 90' lang='lat' dir='ltr'><strong>quos</strong></span> <span class='ocrx_word' id='word_1_279' title='bbox 1634 2420 1863 2475; x_wconf 88' lang='lat' dir='ltr'><strong>oderunt</strong></span> 
     </span>
    </p>
   </div>
   <div class='ocr_carea' id='block_1_3' title="bbox 153 2579 1864 2818">
    <p class='ocr_par' dir='ltr' id='par_1_9' title="bbox 153 2579 1864 2818">
     <span class='ocr_line' id='line_1_33' title="bbox 299 2579 1862 2640; baseline 0 -14"><span class='ocrx_word' id='word_1_280' title='bbox 299 2579 331 2626; x_wconf 77' lang='lat'><em>8</em></span> <span class='ocrx_word' id='word_1_281' title='bbox 360 2579 556 2627; x_wconf 75' lang='lat' dir='ltr'><strong>indutus</strong></span> <span class='ocrx_word' id='word_1_282' title='bbox 579 2582 653 2627; x_wconf 70' lang='lat' dir='ltr'><strong>est</strong></span> <span class='ocrx_word' id='word_1_283' title='bbox 674 2580 903 2627; x_wconf 69' lang='lat' dir='ltr'><strong>Sdoulem</strong></span> <span class='ocrx_word' id='word_1_284' title='bbox 925 2581 1025 2627; x_wconf 78' lang='lat' dir='ltr'><strong>coll.</strong></span> <span class='ocrx_word' id='word_1_285' title='bbox 1051 2594 1151 2640; x_wconf 82' lang='lat' dir='ltr'><strong>cap.</strong></span> <span class='ocrx_word' id='word_1_286' title='bbox 1180 2585 1298 2637; x_wconf 87' lang='lat'><strong>17,1</strong></span> <span class='ocrx_word' id='word_1_287' title='bbox 1330 2580 1552 2627; x_wconf 74' lang='lat' dir='ltr'><strong>inductus</strong></span> <span class='ocrx_word' id='word_1_288' title='bbox 1584 2581 1745 2639; x_wconf 75' lang='lat' dir='ltr'><strong>(deleto</strong></span> <span class='ocrx_word' id='word_1_289' title='bbox 1773 2581 1862 2638; x_wconf 81' lang='lat' dir='ltr'><strong>est)</strong></span> 
     </span>
     <span class='ocr_line' id='line_1_34' title="bbox 154 2639 1864 2702; baseline -0.001 -15"><span class='ocrx_word' id='word_1_290' title='bbox 154 2642 359 2700; x_wconf 65' lang='lat' dir='ltr'><strong>Pseu-nia</strong></span> <span class='ocrx_word' id='word_1_291' title='bbox 398 2641 580 2687; x_wconf 67' lang='lat' dir='ltr'><strong>melma</strong></span> <span class='ocrx_word' id='word_1_292' title='bbox 619 2642 772 2698; x_wconf 76' lang='lat' dir='ltr'><strong>serm</strong></span> <span class='ocrx_word' id='word_1_293' title='bbox 812 2646 975 2698; x_wconf 70' lang='lat' dir='ltr'><strong>quam</strong></span> <span class='ocrx_word' id='word_1_294' title='bbox 1011 2642 1251 2699; x_wconf 71' lang='lat' dir='ltr'><strong>repetitum</strong></span> <span class='ocrx_word' id='word_1_295' title='bbox 1290 2643 1363 2687; x_wconf 81' lang='lat' dir='ltr'><strong>est</strong></span> <span class='ocrx_word' id='word_1_296' title='bbox 1402 2642 1420 2702; x_wconf 83' lang='grc' dir='ltr'><strong>ΙΙ</strong></span> <span class='ocrx_word' id='word_1_297' title='bbox 1462 2641 1518 2687; x_wconf 81' lang='grc'><strong>17</strong></span> <span class='ocrx_word' id='word_1_298' title='bbox 1551 2654 1600 2686; x_wconf 82' lang='lat' dir='ltr'><strong>se</strong></span> <span class='ocrx_word' id='word_1_299' title='bbox 1638 2639 1864 2687; x_wconf 84' lang='lat' dir='ltr'><strong>liberabit</strong></span> 
     </span>
     <span class='ocr_line' id='line_1_35' title="bbox 153 2698 1862 2771; baseline 0.001 -25"><span class='ocrx_word' id='word_1_300' title='bbox 153 2701 269 2759; x_wconf 94' lang='grc' dir='ltr'>νοις.</span> <span class='ocrx_word' id='word_1_301' title='bbox 302 2698 580 2747; x_wconf 74' lang='lat' dir='ltr'><strong>seliberauit</strong></span> <span class='ocrx_word' id='word_1_302' title='bbox 601 2701 647 2747; x_wconf 73' lang='lat' dir='ltr'><strong><em>A</em></strong></span> <span class='ocrx_word' id='word_1_303' title='bbox 688 2701 707 2761; x_wconf 85' lang='grc' dir='ltr'><strong>ΙΙ</strong></span> <span class='ocrx_word' id='word_1_304' title='bbox 746 2698 808 2745; x_wconf 72' lang='lat'><strong>22</strong></span> <span class='ocrx_word' id='word_1_305' title='bbox 969 2699 1277 2747; x_wconf 74' lang='lat' dir='ltr'><strong>advocabatis</strong></span> <span class='ocrx_word' id='word_1_306' title='bbox 1309 2702 1473 2747; x_wconf 74' lang='lat' dir='ltr'><strong>Haase</strong></span> <span class='ocrx_word' id='word_1_307' title='bbox 1500 2702 1695 2747; x_wconf 79' lang='lat' dir='ltr'><strong>alteram</strong></span> <span class='ocrx_word' id='word_1_308' title='bbox 1724 2714 1862 2771; x_wconf 53' lang='lat' dir='ltr'><strong>aratq-</strong></span> 
     </span>
     <span class='ocr_line' id='line_1_36' title="bbox 154 2759 1673 2818; baseline 0.001 -13"><span class='ocrx_word' id='word_1_309' title='bbox 154 2761 448 2806; x_wconf 61' lang='lat' dir='ltr'><strong>naucum-iu</strong></span> <span class='ocrx_word' id='word_1_310' title='bbox 484 2765 667 2818; x_wconf 76' lang='lat' dir='ltr'><strong>partem</strong></span> <span class='ocrx_word' id='word_1_311' title='bbox 707 2759 749 2806; x_wconf 72' lang='lat' dir='ltr'><strong>ni</strong></span> <span class='ocrx_word' id='word_1_312' title='bbox 787 2772 817 2804; x_wconf 78' lang='lat' dir='ltr'><strong>a</strong></span> <span class='ocrx_word' id='word_1_313' title='bbox 837 2759 972 2817; x_wconf 77' lang='lat' dir='ltr'><strong>iquid</strong></span> <span class='ocrx_word' id='word_1_314' title='bbox 1011 2760 1311 2807; x_wconf 77' lang='lat' dir='ltr'><strong>faciunt..</strong></span> <span class='ocrx_word' id='word_1_315' title='bbox 1339 2796 1348 2807; x_wconf 94' lang='lat'><strong>.</strong></span> <span class='ocrx_word' id='word_1_316' title='bbox 1388 2761 1673 2807; x_wconf 73' lang='lat' dir='ltr'><strong>intercidisse</strong></span> 
     </span>
    </p>
   </div>
   <div class='ocr_carea' id='block_1_4' title="bbox 155 2774 1861 2937">
    <p class='ocr_par' dir='ltr' id='par_1_10' title="bbox 155 2774 1861 2937">
     <span class='ocr_line' id='line_1_37' title="bbox 155 2774 1861 2879; baseline 0.001 -13"><span class='ocrx_word' id='word_1_317' title='bbox 155 2825 288 2866; x_wconf 65' lang='lat' dir='ltr'><strong>eam</strong></span> <span class='ocrx_word' id='word_1_318' title='bbox 329 2821 524 2866; x_wconf 70' lang='lat' dir='ltr'><strong>lacunae</strong></span> <span class='ocrx_word' id='word_1_319' title='bbox 563 2822 746 2879; x_wconf 67' lang='grc' dir='ltr'>σι’ςικοηι</span> <span class='ocrx_word' id='word_1_320' title='bbox 782 2821 966 2878; x_wconf 56' lang='grc' dir='ltr'><strong>φθαίη</strong></span> <span class='ocrx_word' id='word_1_321' title='bbox 1002 2820 1082 2867; x_wconf 72' lang='lat' dir='ltr'><strong>sed</strong></span> <span class='ocrx_word' id='word_1_322' title='bbox 1117 2821 1203 2877; x_wconf 70' lang='lat' dir='ltr'><strong>err.</strong></span> <span class='ocrx_word' id='word_1_323' title='bbox 1242 2821 1343 2868; x_wconf 75' lang='lat' dir='ltr'><strong>Joh.</strong></span> <span class='ocrx_word' id='word_1_324' title='bbox 1371 2821 1549 2868; x_wconf 61' lang='lat' dir='ltr'><strong>Malloi·</strong></span> <span class='ocrx_word' id='word_1_325' title='bbox 1579 2821 1686 2867; x_wconf 83' lang='lat' dir='ltr'><strong>Ber.</strong></span> <span class='ocrx_word' id='word_1_326' title='bbox 1712 2774 1861 2868; x_wconf 50' lang='lat' dir='ltr'><strong>m·</strong></span> 
     </span>
     <span class='ocr_line' id='line_1_38' title="bbox 158 2878 866 2937; baseline -0.001 -13"><span class='ocrx_word' id='word_1_327' title='bbox 158 2878 309 2924; x_wconf 72' lang='lat' dir='ltr'><strong>Akad.</strong></span> <span class='ocrx_word' id='word_1_328' title='bbox 336 2879 566 2927; x_wconf 80' lang='lat' dir='ltr'><strong><em>CXVIII</em></strong></span> <span class='ocrx_word' id='word_1_329' title='bbox 593 2884 711 2926; x_wconf 86' lang='grc'><em>1889</em></span> <span class='ocrx_word' id='word_1_330' title='bbox 743 2893 791 2937; x_wconf 78' lang='lat' dir='ltr'><strong>p.</strong></span> <span class='ocrx_word' id='word_1_331' title='bbox 812 2883 866 2924; x_wconf 88' lang='lat'><strong>11</strong></span> 
     </span>
    </p>
   </div>
  </div>
 </body>
</html>
