2034 3086
198 67 272 123 54
526 65 576 109 L.
602 64 838 109 ANNAEI
870 63 1144 110 SENECAE
1174 65 1330 111 DIAL.
1355 66 1466 111 LIB.
1491 65 1569 111 111.

199 188 419 260 gaudet,
455 205 567 240 non
606 186 859 258 gaudebit
895 205 962 240 ne
994 205 1057 241 eo
1091 172 1305 257 quidem
1335 188 1569 258 adfectu,
1607 189 1695 243 cui
1725 207 1898 258 poena

198 262 466 332 voluptati
504 263 607 315 est:
645 279 774 332 ergo
812 280 924 315 non
962 265 1043 316 est
1078 263 1338 317 naturalis
1377 263 1468 317 ira.

347 335 466 391 VII.
504 334 805 406 Numquid,
846 337 1088 406 quamvis
1126 354 1238 389 non
1277 337 1347 391 sit
1382 338 1687 392 naturalis
1673 356 1774 407 ira,
1811 337 1900 390 ad—

199 412 456 466 sumenda
502 413 602 479 est,
651 411 777 495 quia
825 411 974 466 utilis
1013 429 1170 482 saepe
1208 410 1348 464 fuit?
1422 411 1655 466 ‘extollit
1692 413 1899 466 animos

199 490 252 540 et
290 487 501 554 incitat,
530 503 630 539 1100
669 487 956 571 quicquam
995 487 1109 541 sine
1148 486 1243 539 illa
1280 488 1624 557 magnificum
1663 488 1721 540 in
1756 487 1899 540 bello

198 560 459 615 fortitudo
515 561 672 631 gerit,
726 562 831 615 nisi
883 561 1011 615 hinc
1063 561 1279 614 flamma
1332 561 1544 615 subdita
1588 565 1670 617 est
1715 565 1768 615 et
1811 562 1901 615 hic

199 637 448 690 stimulus
488 636 811 707 peragitavit
848 636 1101 705 misitque
1139 636 1197 689 in
1227 635 1466 706 pericula
1496 635 1754 691 audaces.'
1809 654 1902 707 op·
1929 705 1935 709 Ρ

198 712 391 764 timum
430 711 612 780 itaque
651 710 869 780 quidam
907 713 1102 780 putant
1138 713 1434 780 temperare
1466 710 1614 780 iram,
1651 729 1764 771 non
1799 712 1901 765 tol-

197 786 330 854 lere,
391 803 562 855 eoque
630 785 892 854 detractO,
955 786 1100 855 quod
1161 785 1417 854 exundat,
1487 785 1555 838 ad
1616 786 1901 840 salutarem

198 861 418 914 modum
472 875 685 945 cogere,
739 860 795 913 id
840 878 967 913 vero
1020 861 1248 914 retinere
1309 861 1423 915 sine
1470 878 1577 930 quo
1625 861 1902 932 languebit

199 936 340 989 actio
381 937 434 988 et
470 935 552 989 vis
592 953 655 989 ac
676 935 836 1020 vigor
865 934 1032 988 animi
1060 936 1370 990 resolvetur.
1425 935 1660 1005 primum
1691 935 1901 990 facilius

199 1012 280 1064 est
319 1010 597 1064 excludere
628 1010 931 1079 perniciosa
961 1028 1122 1079 quam
1156 1029 1339 1082 regere
1384 1013 1439 1063 ct
1474 1027 1586 1063 non
1624 1010 1902 1063 admittere

200 1102 360 1154 quam
410 1085 642 1139 admissa
690 1084 976 1153 moderari3
1025 1103 1150 1138 nam
1201 1103 1324 1139 cum
1370 1103 1426 1139 se
1472 1085 1531 1137 in
1567 1085 1902 1169 possessione

199 1163 519 1229 posuerunt,
548 1160 856 1229 potentiora
886 1161 1091 1212 rectore
1123 1162 1249 1213 sunt
1276 1178 1376 1214 1100
1398 1159 1564 1214 recidi
1588 1178 1644 1214 se
1667 1159 1903 1213 minuive

200 1234 491 1304 patiuntur.
570 1234 760 1287 deinde
799 1234 937 1287 ratio
977 1234 1118 1303 ipsa,
1155 1235 1243 1288 cui
1281 1234 1419 1289 freni
1456 1234 1762 1302 traduntur,
1792 1237 1903 1287 tam

199 1309 292 1362 diu
330 1312 522 1379 potens
562 1312 644 1363 est
682 1327 843 1379 quam
883 1308 975 1361 diu
1014 1308 1231 1363 diducta
1268 1312 1350 1363 est
1387 1310 1452 1363 ab
1493 1309 1811 1378 adfectibus3
1858 1309 1903 1363 si

200 1384 416 1437 miscuit
470 1402 526 1438 se
579 1384 688 1438 illis
744 1387 797 1438 et
850 1383 1173 1453 inquinavit,
1235 1402 1346 1437 non
1399 1387 1579 1454 potest
1631 1384 1904 1439 continere

199 1476 334 1528 quos
389 1477 722 1513 summovere
775 1459 1052 1529 potuisset.
1130 1462 1399 1513 commota
1450 1460 1593 1513 enim
1643 1459 1808 1514 semel
1851 1461 1905 1512 et

199 1551 421 1588 excussa
481 1553 630 1587 mens
692 1534 741 1587 ei
803 1534 969 1588 servit
1020 1552 1126 1603 quo
1189 1534 1479 1604 inpellitur.
1572 1533 1904 1604 quarundam

199 1626 377 1661 rerum
415 1609 571 1661 initia
609 1610 666 1660 in
702 1612 888 1663 nostra
925 1611 1190 1678 potestate
1229 1611 1375 1678 sunt,
1417 1609 1674 1662 ulteriora
1709 1626 1810 1662 nos
1848 1609 1899 1660 vi

200 1701 296 1736 sua
345 1683 564 1753 rapiunt
610 1701 711 1736 nec
759 1702 1060 1754 regressum
1098 1684 1377 1738 relincunt.
1454 1686 1517 1737 ut
1554 1684 1612 1736 in
1649 1700 1902 1753 praeceps

199 1757 338 1810 datis
378 1757 694 1841 corporibus
731 1759 943 1812 nullum
982 1758 1066 1812 sui
1105 1759 1385 1812 arbitrium
1416 1761 1498 1813 est
1530 1776 1630 1812 nec
1659 1758 1903 1811 resistere

200 1832 463 1884 morarive
518 1832 721 1886 deiecta
773 1835 1087 1903 potuerunt,
1149 1833 1241 1887 sed
1294 1833 1579 1888 consilium
1640 1850 1797 1886 omne
1851 1835 1904 1885 et

200 1906 582 1975 paenitentiam
621 1908 994 1962 inrevocabilis
1033 1908 1406 1977 praecipitatio
1445 1907 1673 1962 abscidit
1709 1910 1763 1960 et
1792 1925 1905 1960 non

198 1981 326 2034 licet
364 1998 427 2033 eo
465 1999 577 2034 non
613 1983 914 2052 pervenire,
963 2001 1070 2053 quo
1116 2000 1229 2035 non
1266 1983 1343 2035 ire
1379 1982 1642 2052 licuisset,
1680 1982 1756 2035 ita
1794 1981 1904 2035 ani-

200 2073 318 2109 mus
358 2056 405 2109 si
443 2056 500 2108 in
538 2056 698 2126 iram,
737 2075 972 2111 amorem
1011 2058 1252 2127 aliosque
1291 2075 1347 2111 se
1385 2056 1612 2126 proiecit
1625 2023 1905 2125 ’adfectum

197 2148 310 2183 non
339 2131 670 2199 permittitur
699 2132 986 2200 reprimere
1017 2133 1283 2202 inpetum3
1313 2131 1489 2200 rapiat
1511 2131 1666 2184 illum
1691 2133 1903 2200 oportet

198 2207 253 2257 et
306 2204 373 2258 ad
427 2205 595 2258 imum
649 2209 775 2277 agat
826 2206 1037 2276 pondus
1092 2225 1247 2261 suum
1300 2208 1355 2259 et
1406 2205 1660 2259 vitiorum
1714 2208 1903 2258 natura

196 2279 466 2349 proclivis.

349 2353 494 2407 VIII.
537 2352 815 2423 Optimum
848 2358 929 2408 est
951 2356 1186 2425 primum
1209 2354 1611 2409 inritamentum
1642 2355 1750 2407 irae
1782 2370 1902 2423 pro-

198 2427 343 2497 tinus
399 2447 645 2498 spernere
698 2430 936 2500 ipsisque
988 2447 1285 2501 repugnare
1340 2430 1628 2484 seminibus
1680 2431 1733 2482 et
1778 2427 1902 2480 dare

348 2587 379 2632 4
421 2588 625 2644 extollit,
669 2588 846 2646 inquit,
892 2589 1073 2634 animos
1112 2593 1242 2646 optat
1278 2588 1439 2644 Gertz,
1477 2594 1521 2635 et
1557 2594 1674 2635 certe
1711 2587 1903 2633 Senecae

198 2647 308 2692 haee
338 2660 433 2692 non
464 2663 555 2694 esse
585 2654 804 2706 apparet;
833 2650 885 2694 id
914 2651 1176 2707 siqnifieare
1205 2650 1320 2695 satis
1349 2649 1493 2694 habui
1519 2648 1546 2718 Η
1575 2647 1636 2693 14
1665 2648 1902 2692 rectores·

198 2708 402 2751 rectores
434 2710 480 2752 A
527 2709 531 2767 Ι
580 2707 730 2753 recidi
760 2708 830 2754 A¹
871 2711 914 2766 (0
944 2710 997 2754 in
1027 2723 1119 2754 ras.
1146 2722 1236 2766 pro
1267 2708 1315 2766 d)
1356 2708 1362 2768 Ι
1414 2708 1474 2753 19
1505 2708 1573 2755 eis
1605 2707 1728 2753 eruit
1758 2706 1828 2751 A¹
1858 2706 1902 2751 01

201 2767 349 2811 seruit
372 2767 510 2823 A⁵(?)
536 2778 565 2812 ς
596 2781 651 2813 eo
682 2768 841 2826 pergit
864 2769 997 2814 Koch
1027 2782 1081 2813 eo
1113 2768 1211 2814 ruit
1234 2769 1312 2814 W
1437 2769 1533 2828 us}
1569 2780 1661 2825 quo
1685 2768 1732 2812 A
1756 2779 1785 2809 a
1809 2780 1901 2822 quo

201 2826 363 2872 Mur-et
393 2826 409 2886 ΙΙ
439 2825 497 2871 21
530 2827 771 2884 relinqunt
793 2827 863 2873 A'
894 2830 942 2884 (q
973 2842 1029 2873 ex
1059 2841 1085 2872 0
1115 2829 1247 2884 corr)
1278 2828 1292 2877 11
1323 2827 1384 2873 25
1413 2842 1505 2874 11011
1538 2825 1833 2886 rellilcuisset
1854 2827 1901 2872 A

199 2886 278 2931 sed
300 2888 456 2931 statim
479 2887 531 2931 in
554 2900 649 2931 non
672 2887 741 2932 ire
765 2886 977 2933 licuisset
1000 2901 1113 2934 οων.
1139 2887 1209 2933 A²
1229 2886 1248 2947 ΙΙ
1269 2886 1327 2932 31
1353 2889 1560 2933 sternere
1582 2887 1699 2932 coni
1727 2885 1903 2931 Gemoll

1934 879 1977 912 10

1936 1252 1977 1286 15

1935 1624 1979 1657 20

1935 1997 1978 2030 25

1934 2369 1978 2401 30
