2034 3086
41 856 85 889 10

0 1287 3 1351 ξ
41 1227 83 1261 ¹⁵
113 1291 243 1357 petu
292 1286 505 1341 cecidit.
557 1289 782 1340 renovat
831 1305 887 1340 se
937 1289 992 1339 et
1040 1285 1355 1340 corroborat
1400 1286 1596 1340 cotidie
1641 1286 1820 1340 luctus

354 43 439 89 AD
470 42 757 89 MARGIAM
786 42 870 88 DE
902 41 1368 88 CONSOLATIONE
1401 41 1530 87 CAP.
1557 47 1580 87 1
1712 43 1817 99 153

115 168 208 222 alii
245 167 426 236 itaque
457 165 694 220 molliter
723 168 887 236 agant
917 167 972 219 et
1000 163 1365 233 blandiantur,
1397 183 1497 236 ego
1530 164 1817 237 confligere

116 260 237 296 cum
290 244 385 295 tuo
438 259 677 295 maerore
730 240 988 293 constitui
1037 242 1092 293 et
1138 238 1375 292 defessos
1425 239 1818 310 exhaustosque

116 316 325 385 oculos,
364 314 411 370 si
438 334 626 369 verum
655 314 760 383 vis,
798 314 972 386 magis
1006 313 1115 367 iam
1145 332 1212 368 ex
1241 313 1626 368 consuetudine
1659 333 1821 385 quam

115 409 182 444 ex
212 390 473 444 desiderio
505 389 720 444 fluentis
751 388 1062 458 continebo,
1093 388 1140 442 si
1170 387 1287 441 fieri
1317 388 1576 459 potuerit,
1608 389 1820 443 favente

115 468 168 519 te
217 464 465 519 remediis
514 465 645 534 tuis,
691 464 737 517 ei
782 464 984 534 minus,
1028 463 1117 517 vel
1153 463 1345 531 invita,
1381 466 1562 517 teneas
1601 465 1730 519 licet
1768 467 1822 518 et

115 540 435 611 amplexeris
488 539 728 594 dolorem
780 541 957 607 tuum,
1012 556 1172 608 quem
1224 537 1325 592 tibi
1378 538 1435 591 in
1488 538 1589 591 filii
1637 539 1820 593 locum

116 614 457 685 superstitem
508 613 698 668 fecisti.
776 614 897 683 quis
950 613 1094 667 enim
1148 612 1252 667 erit
1297 611 1459 666 finis?
1535 614 1716 667 omnia
1764 614 1821 667 in

115 706 503 759 supervacuum
571 691 834 758 temptata
902 690 1049 741 sunt:
1127 687 1383 759 fatigatae
1451 687 1820 742 adlocutiones

114 764 432 834 amicorum,
499 764 844 817 auctoritates
913 779 1234 834 magnorum
1295 765 1351 816 et
1401 761 1660 816 adfinium
1719 763 1820 817 tibi

114 840 375 906 virorum3
443 837 642 907 studia,
702 836 1084 891 hereditarium
1144 839 1200 891 et
1258 840 1541 907 paternum
1600 837 1818 907 bonum,

114 913 301 967 surdas
354 931 509 967 aures
563 913 726 966 inrito
780 915 836 966 et
886 912 981 966 vix
1028 911 1096 966 ad
1143 912 1360 966 brevem
1411 912 1819 982 occupationem

113 989 426 1058 proficiente
495 987 696 1042 solacio
765 990 1067 1057 transeunt3
1138 985 1274 1040 illud
1337 987 1518 1056 ipsum
1576 987 1819 1041 naturale

113 1062 405 1117 remedium
454 1063 736 1133 temporis,
786 1062 930 1131 quod
980 1061 1240 1116 maximas
1287 1078 1501 1131 quoque
1541 1080 1819 1116 aerumnas

113 1137 413 1208 componit,
461 1138 519 1190 in
567 1141 622 1190 te
666 1155 775 1190 una
812 1137 923 1190 vim
963 1155 1115 1190 suam
1153 1135 1398 1208 perdidit.
1476 1138 1666 1191 tertius
1713 1138 1820 1191 iam

113 1214 370 1283 praeterit
416 1230 610 1280 annus,
659 1229 782 1265 cum
832 1211 1048 1265 interim
1092 1211 1232 1264 nihil
1268 1229 1335 1264 ex
1372 1211 1548 1282 primo
1588 1213 1684 1265 illo
1724 1213 1821 1266 im-

113 1364 168 1415 et
204 1362 312 1415 iam
350 1360 453 1415 sibi
492 1360 576 1414 ius
608 1378 759 1415 mora
788 1360 919 1415 fecit
947 1379 1119 1431 eoque
1149 1360 1410 1415 adductus
1442 1364 1545 1431 est,
1576 1363 1638 1415 ut
1667 1364 1823 1431 putet

113 1439 270 1505 turpe
330 1434 583 1490 desinere.
676 1435 1126 1506 quemadmodum
1188 1436 1369 1490 omnia
1420 1436 1552 1489 vitia
1607 1436 1820 1506 penitus

113 1509 375 1580 insidunt,
422 1510 551 1580 nisi,
601 1510 731 1565 dum
781 1514 1030 1582 surgunt,
1081 1529 1338 1581 oppressa
1380 1514 1529 1580 sunt,
1576 1510 1653 1564 ita
1689 1511 1821 1565 haec

114 1603 328 1655 quoque
365 1585 544 1639 tristia
581 1589 636 1639 et
672 1586 867 1641 misera
905 1589 959 1639 et
997 1586 1054 1638 in
1086 1604 1142 1639 se
1173 1586 1464 1639 saevientia
1495 1586 1613 1655 ipsa
1642 1586 1820 1639 novis·

114 1661 247 1714 sime
297 1660 583 1714 acerbitate
632 1663 927 1730 pascuntur
975 1663 1031 1714 et
1074 1660 1139 1714 fit
1182 1660 1412 1715 infelicis
1451 1661 1616 1714 animi
1655 1679 1821 1731 prava

113 1735 364 1805 voluptas
402 1734 571 1789 dolor.
632 1736 899 1806 cupissem
939 1735 1119 1805 itaque
1158 1735 1347 1805 primis
1385 1735 1717 1805 temporibus
1753 1735 1821 1790 ad

115 1809 272 1864 istam
333 1810 663 1864 curationem
724 1809 994 1864 accedere:
1053 1810 1257 1864 leniore
1313 1809 1579 1864 medicina
1631 1810 1821 1864 fuisset

115 1885 292 1938 oriens
330 1883 504 1938 adhuc
542 1884 912 1956 restringenda
949 1884 1054 1954 vis3
1103 1885 1469 1939 vehementius
1509 1888 1697 1939 contra
1742 1885 1819 1938 in-

114 1962 351 2013 veterata
380 1959 729 2031 pugnandum
761 1963 855 2013 est.
917 1978 1041 2013 nam
1066 1959 1344 2014 volnerum
1374 1977 1587 2030 quoque
1620 1959 1819 2013 sanitas

115 2033 289 2087 facilis
349 2037 451 2103 est,
513 2033 642 2088 dum
695 2053 728 2088 a
780 2035 1039 2106 sanguine
1093 2035 1326 2089 recentia
1380 2037 1526 2104 eunt3
1583 2036 1714 2089 tunc
1768 2038 1822 2089 et

116 2111 344 2161 uruntur
380 2112 435 2163 et
472 2108 528 2162 in
569 2109 739 2163 altum
777 2112 1095 2162 revocantur
1132 2112 1187 2163 et
1224 2108 1422 2180 digitos
1466 2110 1820 2163 scrutantium

115 2182 402 2252 recipiunt,
440 2182 534 2237 ubi
572 2187 827 2253 corrupta
857 2184 913 2236 in
944 2183 1146 2237 malum
1177 2183 1329 2238 ulcus
1360 2186 1648 2238 verterunt.
1709 2201 1820 2237 non

116 2274 335 2327 possum
373 2275 517 2312 nunc
555 2275 650 2327 per
689 2257 1006 2328 obsequium
1045 2276 1144 2312 nec
1182 2257 1418 2313 molliter
1455 2257 1675 2328 adsequi
1707 2260 1819 2311 tam

116 2330 307 2385 durum
346 2330 609 2387 dolorem:
648 2331 974 2404 frangendus
1013 2335 1107 2387 est.

240 2506 325 2625 ¹0)
315 2506 456 2626 colum
541 2522 566 2554 e
597 2507 735 2567 (liger
763 2510 817 2555 in
845 2511 956 2566 ras.)
939 2508 1050 2566 )A¹
1076 2510 1132 2567 (?)
1158 2508 1176 2569 ΙΙ
1202 2508 1258 2555 11
1276 2508 1419 2555 inrito
1440 2519 1473 2568 7
1511 2508 1591 2555 uix
1615 2510 1660 2555 A
1694 2512 1745 2567 (7
1768 2510 1820 2555 in

115 2581 196 2673 Τ
194 2568 307 2673 002
292 2566 445 2685 ’'„0'1
431 2567 1818 2687 ¹{1⁰{mtuss‘20'553‘1'fl15203003232‘232‘t-n2⁷33?ss

116 2684 288 2733 ifelicis
311 2686 380 2733 A⁸
414 2690 419 2736 Ι
454 2699 603 2744 prava
630 2688 744 2747 vola.
778 2701 926 2746 prauo
952 2690 996 2734 A
1030 2688 1047 2748 ΙΙ
1082 2686 1143 2734 28
1172 2686 1349 2734 leniore
1381 2690 1513 2747 (corr.
1538 2702 1595 2734 ex
1625 2688 1819 2746 leniore)

117 2747 163 2792 A
204 2747 222 2805 ΙΙ
260 2745 321 2792 25
349 2747 596 2792 uulnerum
628 2748 698 2794 A‘
736 2749 754 2807 ΙΙ
793 2747 851 2793 27
884 2749 1177 2794 scrutantem
1203 2749 1247 2793 A
1278 2761 1393 2794 corr.
1425 2749 1539 2808 volq.
1578 2748 1596 2807 ΙΙ
1636 2747 1696 2793 29
1736 2747 1819 2793 ad-

118 2806 251 2909 mni
275 2805 549 2912 Adgzgrjdi
580 2807 745 2854 Traler
773 2807 872 2854 coll.
898 2808 1011 2854 dtssal
1039 2808 1173 2862 V40,
1194 2810 1226 2852 2
1253 2808 1271 2867 ΙΙ
1299 2806 1360 2854 80
1382 2805 1670 2867 frangendus
1695 2808 1764 2854 A⁶
1774 2808 1825 2854 F
