2034 3086
198 197 221 237 1

196 1687 223 1727 5

259 63 364 118 158
582 61 631 106 L.
657 45 895 105 ANNAEI
926 59 1200 106 sENEcAE
1230 60 1389 106 DIAL.
1414 61 1627 107 L1B.V1.

403 182 470 236 V.
530 181 736 236 Deinde
791 199 885 235 oro
940 185 1118 252 atque·
1155 182 1397 252 obsecr0,
1450 201 1518 236 ne
1570 187 1623 237 te
1678 185 1953 240 difficilem

255 257 440 311 amicis
491 259 545 311 et
593 256 987 310 intractabilem
1036 259 1286 326 praestes.
1362 275 1474 311 non
1511 260 1593 311 est
1629 260 1771 314 enim
1810 260 1954 330 quod

254 333 468 403 ignores
519 349 702 385 omnes
751 331 852 385 hos
899 331 1125 401 nescire,
1173 332 1620 401 quemadmodum
1659 351 1713 387 se
1752 339 1952 405 gerant,

254 407 545 475 loquantur
583 404 788 474 aliquid
826 423 1007 460 coram
1042 408 1097 458 te
1137 406 1201 459 de
1234 405 1414 460 Druso
1454 426 1523 460 an
1559 407 1718 477 nihil,
1755 427 1822 462 ne
1861 413 1955 463 aut

256 481 456 535 oblivio
496 479 778 534 clarissimi
808 480 1014 534 iuvenis
1046 479 1128 532 illi
1158 480 1320 535 faciat
1349 481 1617 565 iniuriam.
1631 485 1724 535 aut
1754 484 1952 538 mentio
2008 500 2028 534 5

255 555 368 609 tibi.
447 573 570 609 cum
621 555 932 609 secessimus
983 557 1036 608 et
1086 555 1143 607 in
1189 573 1358 609 unum
1408 556 1774 626 convenimus,
1812 557 1954 612 facta

255 631 368 683 eius
437 629 685 698 dictaque
751 633 952 699 quanto
1022 630 1217 683 meruit
1286 633 1537 700 suspectu
1605 631 1954 701 celebramus;

255 721 435 758 coram
473 706 527 757 te
565 704 734 757 altum
771 705 927 757 nobis
966 703 1031 757 de
1069 704 1164 757 illo
1204 704 1476 758 silentium
1514 707 1616 759 est:
1673 724 1819 760 cares
1858 707 1953 759 ita-

255 796 359 848 que
412 779 645 832 maxima
697 779 996 849 voluptate,
1050 777 1150 831 filii
1201 779 1283 832 tui
1335 778 1604 849 laudibus,
1659 799 1791 850 quas
1843 798 1955 834 non

256 852 441 907 dubito
493 853 625 924 quin
671 853 760 906 vel
809 853 1063 923 inpendio
1114 853 1277 924 vitae,
1325 854 1371 908 si
1407 857 1644 923 potestas
1685 855 1860 925 detur,
1898 855 1956 909 in
1987 874 2030 907 ιο

255 946 444 982 aevum
505 946 662 982 omne
724 928 795 982 sis
856 931 1222 999 prorogatura.
1316 946 1480 998 quare
1533 932 1736 999 patere,
1788 930 1953 984 immo

255 1020 462 1057 accerse
494 1020 785 1072 sermones,
826 1002 1022 1072 quibus
1053 1003 1145 1056 ille
1175 1007 1443 1072 narretur,
1477 1006 1531 1057 et
1561 1007 1769 1073 apertas
1802 1023 1954 1059 aures

254 1078 448 1147 praebe
480 1077 547 1131 ad
576 1095 774 1131 nomen
804 1077 1223 1146 memoriamque
1254 1077 1355 1131 filii
1385 1078 1489 1147 tui3
1526 1096 1626 1132 nec
1660 1078 1764 1132 hoc
1795 1097 1954 1150 grave

255 1153 467 1207 duxeris
507 1154 804 1206 ceterorum
842 1170 1013 1221 more,
1057 1153 1151 1221 qui
1189 1153 1246 1205 in
1284 1152 1547 1206 eiusmodi
1585 1171 1712 1208 casu
1749 1157 1955 1223 partem

255 1227 384 1280 mali
437 1229 632 1296 putant
684 1226 866 1280 audire
921 1227 1133 1289 solacia.
1208 1246 1353 1299 nunc
1402 1227 1693 1282 incubuisti
1738 1231 1854 1281 tota
1899 1229 1956 1281 in
1987 1245 2029 1279 15

254 1303 477 1355 alteram
516 1304 723 1371 partem
761 1305 816 1355 et
854 1301 1024 1355 oblita
1054 1301 1337 1355 meliorum
1368 1302 1640 1356 fortunam
1669 1306 1820 1356 tuam
1851 1321 1956 1372 qua

255 1375 487 1429 deterior
524 1379 606 1431 est
643 1377 860 1446 aspicis:
899 1394 1011 1430 non
1049 1378 1315 1430 convertis
1354 1380 1407 1431 te
1441 1377 1509 1430 ad
1540 1378 1816 1431 convictus
1855 1377 1957 1430 filii

253 1451 336 1503 tui
389 1468 746 1521 occursusque
800 1450 1083 1520 iucundos,
1135 1469 1246 1504 non
1292 1451 1358 1505 ad
1400 1452 1631 1521 pueriles
1671 1451 1956 1522 dulcesque

253 1524 556 1595 blanditias,
586 1543 697 1579 non
727 1525 795 1579 ad
825 1526 1154 1580 incrementa
1185 1525 1507 1596 studiorum3
1538 1526 1784 1580 ultimam
1807 1527 1957 1580 illam

254 1600 446 1654 faciem
484 1619 663 1654 rerum
702 1601 923 1670 premis,
950 1601 1065 1670 illi,
1104 1603 1378 1671 tamquam
1418 1601 1464 1655 si
1493 1619 1684 1671 parum
1715 1602 1832 1671 ipsa
1862 1620 1958 1671 per
1988 1619 2033 1652 eo

257 1693 313 1729 se
361 1674 579 1728 horrida
630 1675 721 1744 sit,
772 1675 1035 1745 quidquid
1072 1678 1226 1745 potes
1266 1676 1524 1747 congeris.
1606 1694 1674 1729 ne
1682 1717 1696 1746 ,
1736 1676 1955 1730 obsecro

255 1753 330 1819 te,
384 1749 719 1819 concupieris
772 1750 1229 1820 perversissimam
1282 1750 1534 1822 gloriam,
1591 1751 1958 1804 infelicissima

256 1823 446 1878 videri!
509 1825 671 1878 simul
708 1826 888 1896 cogita
925 1843 1037 1878 11011
1068 1843 1181 1879 esse
1212 1843 1467 1896 magnum
1497 1825 1653 1879 rebus
1685 1825 1956 1895 prosperis

256 1899 450 1952 fortem
504 1917 708 1970 gerere,
761 1899 856 1952 ubi
907 1899 1139 1954 secundo
1191 1917 1350 1954 cursu
1398 1899 1510 1953 vita
1567 1899 1831 1969 procedit:
1890 1918 1958 1953 ne

257 1974 628 2044 gubernatoris
676 1973 891 2043 quidem
937 1977 1106 2028 artem
1143 1974 1494 2044 tranquillum
1533 1993 1677 2028 mare
1716 1977 1770 2028 et
1809 1974 1958 2027 obse·
1989 1990 2032 2025 25

257 2066 424 2117 quens
463 2052 653 2102 ventus
695 2049 950 2119 ostendit,
989 2049 1198 2103 adversi
1228 2049 1434 2119 aliquid
1462 2049 1700 2103 incurrat
1730 2051 1956 2118 oportet,

258 2123 403 2192 quod
433 2123 670 2178 animum
702 2123 907 2193 probet.
956 2123 1195 2194 proinde
1224 2142 1292 2178 ne
1324 2123 1649 2178 summiseris
1686 2126 1760 2193 te,
1792 2124 1955 2177 immo

257 2201 445 2252 contra
480 2198 588 2269 fige
628 2199 874 2262 stabilem
912 2198 1138 2270 gradum
1169 2201 1223 2252 et
1254 2199 1509 2269 quicquid
1544 2217 1765 2253 onerum
1797 2217 1957 2268 supra

257 2272 449 2326 cecidit
509 2273 732 2342 sustine,
793 2273 968 2343 primo
1031 2273 1308 2328 dumtaxat
1368 2273 1594 2343 strepitu
1654 2273 1954 2327 conterrita.

256 2347 406 2400 nulla
442 2365 499 2400 re
537 2348 708 2401 maior
746 2347 948 2401 invidia
978 2347 1224 2402 fortunae
1254 2348 1319 2401 fit
1349 2366 1509 2418 quam
1540 2366 1710 2417 aequo
1743 2346 1956 2401 animo.'
1987 2364 2031 2398 so

402 2462 432 2507 5
454 2462 679 2508 iniuriam
704 2464 756 2509 F
773 2463 949 2509 iniuria
971 2466 1019 2510 A
1052 2465 1058 2525 Ι
1083 2464 1112 2510 8
1136 2464 1283 2510 altum
1309 2476 1337 2509 ς
1368 2464 1498 2510 aliud
1521 2466 1568 2511 A
1590 2464 1607 2525 ΙΙ
1628 2464 1658 2510 9
1681 2465 1888 2509 maxima
1910 2464 1961 2509 F

258 2522 461 2567 maxime
483 2524 530 2569 A
560 2523 577 2583 ΙΙ
607 2522 666 2568 12
696 2526 930 2576 {narretur
952 2525 999 2570 A
1028 2524 1034 2584 Ι
1075 2524 1136 2575 14
1162 2525 1348 2570 duxeris
1372 2526 1424 2571 F
1449 2525 1621 2570 dixeris
1645 2525 1691 2570 A
1719 2525 1724 2583 Ι
1766 2524 1823 2569 17
1848 2537 1956 2568 0011-

257 2582 404 2627 uertis
434 2584 482 2627 te
512 2583 565 2628 F
588 2588 642 2628 ut
671 2584 930 2630 Pincianus
964 2585 1081 2630 coni.
1115 2585 1438 2630 conuertistite
1468 2586 1516 2630 A
1556 2584 1574 2644 Η
1613 2584 1673 2630 20
1713 2584 1723 2594 ’
1765 2584 1803 2639 i,
1835 2585 1955 2628 tam-

259 2654 401 2697 quam
438 2642 479 2687 si
517 2643 715 2701 Madvig}
752 2644 850 2689 coll.
883 2644 997 2689 dial.
1029 2645 1142 2689 XII
1170 2649 1242 2701 11,
1266 2648 1295 2689 4
1329 2645 1452 2691 clem.
1477 2646 1513 2689 I
1537 2648 1608 2700 14,
1629 2647 1661 2690 2
1691 2644 1833 2699 benef.
1861 2644 1959 2688 VII

258 2704 333 2757 31,
355 2705 385 2746 4
393 2718 411 2757 ;
451 2701 651 2749 inlitam.
707 2703 844 2760 quasi
874 2704 921 2749 A
958 2704 1009 2748 in
1039 2703 1193 2760 illam,
1233 2704 1370 2762 quasi
1399 2704 1587 2750 Fickert
1629 2703 1645 2764 ΙΙ
1690 2702 1750 2748 24
1786 2702 1955 2748 fortem

259 2774 420 2818 gerere
450 2763 498 2807 A
535 2761 704 2807 fortem
737 2776 786 2808 se
817 2776 979 2821 gerere
1010 2774 1065 2818 5,-
1102 2765 1291 2810 editores
1328 2764 1415 2809 alii
1448 2764 1564 2809 alibi
1601 2777 1650 2808 se
1686 2763 1953 2818 infulciumt,

257 2822 336 2866 sed
358 2835 460 2867 cum
475 2822 687 2868 Fickerto
703 2827 748 2868 et
765 2822 946 2869 Gertzio
970 2823 1130 2871 dubito
1150 2838 1261 2870 num
1283 2824 1587 2871 necessarium
1609 2824 1671 2870 sit
1691 2822 1708 2883 ΙΙ
1729 2822 1788 2868 28
1812 2834 1954 2880 supra

261 2883 424 2937 <te>
458 2881 630 2928 cecidit
660 2883 714 2928 P.
745 2883 942 2929 Thomas
