2034 3086
80 880 122 912 10

77 1252 120 1286 15

78 1625 123 1658 20

445 65 529 111 DE
561 64 951 111 CONSTANTIA
982 62 1296 110 SAPIENTIS
1327 63 1459 111 CAP.
1482 69 1523 111 5.
1551 70 1578 110 6
1789 67 1861 121 27

154 188 291 243 nihil
337 187 524 258 perdet
574 187 720 257 quod
770 187 943 258 perire
994 203 1245 239 sensurus
1285 186 1376 257 sit3
1425 187 1585 241 unius
1624 186 1768 241 enim
1805 187 1865 240 in

152 263 491 335 possessione
513 262 728 316 virtutis
764 265 869 332 est,
906 280 974 315 ex
1003 278 1111 345 qua
1141 259 1338 330 depelli
1358 280 1636 333 nunquam
1668 265 1864 332 potest,

153 339 342 393 ceteris
392 337 651 422 precario·
686 338 881 391 utitur:
936 335 1056 405 quis
1111 337 1290 388 autem
1350 336 1557 391 iactura
1616 340 1865 392 movetur

153 412 351 467 alieni?
404 410 599 482 quodsi
635 412 834 465 iniuria
869 409 1009 464 nihil
1044 408 1254 463 laedere
1292 413 1471 479 potest
1508 430 1576 465 ex
1608 411 1694 466 his
1727 431 1864 483 quae

151 487 373 573 propria
402 487 657 557 sapientis
688 489 832 554 sunt,
869 484 997 554 quia
1018 484 1218 538 virtute
1238 483 1389 538 salva
1419 502 1517 538 sua
1546 487 1695 541 salva
1724 491 1867 557 sunt,

152 561 350 616 iniuria
386 562 615 631 sapienti
653 579 766 614 non
803 562 984 630 potest
1020 558 1151 612 fieri.

301 635 574 708 Megaram
598 634 905 690 Demetrius
946 636 1181 703 ceperat,
1218 632 1307 687 cui
1337 651 1639 705 cognomen
1661 634 1868 690 Polior·
1899 650 1925 690 6

153 714 294 765 cetes
343 711 462 765 fuit
538 712 606 765 ab
659 710 766 764 hoc
809 707 1022 763 Stilbon
1070 708 1429 780 philosophus
1490 709 1866 795 interrogatus,

152 804 283 840 num
314 787 520 857 aliquid
549 784 890 870 perdidisset:
937 784 1108 855 ‘nihil,
1110 784 1127 808 '
1158 783 1395 855 inquit‘
1398 784 1582 838 omnia
1613 803 1731 838 mea
1761 804 1868 839 me-

153 879 277 915 cum
331 861 493 915 sunt?
581 859 734 929 atqui
788 863 842 913 et
894 860 1282 930 patrimonium
1335 860 1450 914 eius
1503 859 1562 913 ιιι
1613 859 1867 930 praedam

152 940 383 990 cesserat
431 939 485 989 et
533 934 673 987 filias
723 938 974 1005 rapuerat
1018 935 1191 989 hostis
1238 938 1292 989 et
1329 935 1505 1005 patria
1541 935 1599 989 ιιι
1637 935 1867 989 alienam

152 1011 419 1065 dicionem
459 1014 774 1080 pervenerat
812 1014 865 1064 et-
904 1010 1084 1081 ipsum
1124 1029 1220 1064 rex
1257 1010 1615 1065 circumfusus
1645 1010 1867 1065 victoris

151 1085 415 1139 exercitus
469 1084 631 1138 armis
686 1104 753 1139 ex
806 1086 1081 1156 superiore
1133 1084 1256 1138 loco
1310 1085 1595 1156 rogitabat.
1671 1089 1727 1140 at
1776 1086 1868 1139 ille
1902 1100 1926 1139 ἰ·

152 1160 433 1213 victoriam
484 1160 567 1214 illi
615 1161 851 1215 excussit
901 1163 955 1213 et
994 1178 1049 1214 se
1088 1159 1221 1212 urbe
1260 1162 1418 1229 capta
1455 1178 1567 1212 non
1604 1160 1867 1215 invictum

151 1238 362 1289 tantum
402 1235 495 1289 sed
533 1235 839 1289 indemnem
878 1252 993 1288 esse
1030 1236 1258 1287 testatus
1298 1237 1393 1287 est.
1453 1233 1686 1288 habebat
1724 1236 1867 1290 enim

152 1329 279 1364 vera
315 1329 497 1365 secum
535 1311 706 1379 bona,
750 1310 808 1362 ιιι
846 1328 983 1379 quae
1021 1327 1133 1362 non
1171 1311 1253 1362 est
1290 1327 1482 1363 manus
1520 1309 1763 1379 iniecti0,
1812 1315 1868 1365 at

153 1404 290 1455 quae
328 1385 589 1454 dissipata
625 1387 680 1437 et
717 1384 927 1453 direpta
956 1383 1290 1453 ferebantur,
1326 1402 1438 1437 non
1467 1384 1739 1438 iudicabat
1770 1403 1869 1440 sua

153 1458 246 1512 sed
295 1458 596 1512 adventicia
644 1460 698 1511 et
745 1461 939 1511 nutum
985 1458 1233 1512 fortunae
1279 1459 1571 1529 sequentia.
1647 1459 1767 1513 ideo
1806 1464 1868 1515 ut

150 1551 261 1587 non
314 1533 535 1604 propria
579 1532 862 1603 dilexerat3
906 1532 1147 1586 omnium
1198 1533 1341 1587 enim
1395 1535 1724 1588 extrinsecus
1779 1536 1868 1606 ad-

152 1607 433 1662 fluentium
473 1608 680 1663 lubrica
718 1611 771 1661 et
809 1608 1013 1662 incerta
1050 1609 1317 1678 possessio
1357 1613 1452 1663 est.

302 1682 395 1738 VI.
435 1682 629 1756 Cogita
665 1702 834 1754 nunc,
872 1702 941 1737 an
979 1682 1107 1737 huic
1141 1683 1230 1737 fur
1260 1687 1354 1738 aut
1384 1683 1742 1739 calumniator
1773 1689 1866 1740 aut
1901 1700 1923 1739 1

152 1759 359 1813 vicinus
397 1759 667 1830 impotens
706 1763 802 1813 aut
831 1758 979 1813 dives
1011 1758 1206 1829 aliquis
1237 1777 1463 1831 regnum
1497 1759 1658 1813 orbae
1690 1777 1866 1815 senec-

152 1835 284 1888 tutis
338 1852 587 1889 exercens
642 1834 816 1888 facere
870 1834 1122 1888 iniuriam
1177 1835 1372 1905 possit,
1426 1835 1514 1889 cui
1559 1835 1762 1888 bellum
1812 1840 1866 1890 et

152 1907 324 1963 hostis
378 1913 432 1963 et
484 1910 576 1963 ille
630 1910 900 1980 egregiam
955 1914 1124 1963 artem
1180 1908 1600 1979 quassandarum
1650 1910 1864 1965 urbium

152 1983 425 2052 professus
476 1984 679 2053 eripere
728 1983 866 2037 nihil
910 1984 1103 2054 potuit.
1179 1985 1320 2039 inter
1370 1983 1619 2038 micantis
1666 1985 1865 2056 ubique
1896 1998 1923 2039 2

154 2056 361 2128 gladios
400 2062 453 2112 et
492 2059 778 2112 militarem
818 2058 875 2111 in
906 2060 1094 2129 rapina
1114 2060 1428 2128 tumultum,
1457 2058 1597 2112 inter
1620 2058 1863 2115 flammas

154 2134 209 2184 et
246 2133 560 2202 sanguinem
602 2137 943 2204 stragemque
981 2134 1246 2204 impulsae
1285 2133 1546 2203 civitatis,
1584 2133 1723 2188 inter
1760 2135 1864 2189 fra-

155 2222 339 2276 gorem
371 2209 696 2277 templorum
722 2225 883 2277 super
906 2207 1032 2261 deos
1057 2227 1184 2263 suos
1209 2207 1514 2262 cadentium
1538 2208 1633 2261 uni
1656 2208 1864 2264 homini

154 2298 262 2350 pax
314 2280 432 2334 fuit.
507 2300 616 2336 non
670 2285 751 2337 est
804 2283 1008 2352 itaque,
1062 2283 1206 2353 quod
1262 2281 1437 2335 audax
1489 2282 1691 2338 iudices
1740 2302 1863 2355 pro·

155 2471 288 2517 salva
317 2472 360 2516 h.
304 2410 795 2532 UtidzeiAmagqu,
807 2413 934 2530 εἶξαι
944 2418 1078 2518 meni)
1091 2413 1434 2532 Issilgtgoffr‘ila
1449 2429 1572 2520 ι’ῗιάἷ
1596 2415 1861 2533 magdali-d

156 2532 296 2578 Gertz
325 2544 426 2588 cap.
455 2530 525 2576 VI
556 2533 758 2579 instituit
797 2539 839 2579 et
876 2546 1016 2590 usque
1050 2534 1114 2579 ad
1136 2547 1173 2579 c.
1213 2533 1314 2579 VII
1328 2537 1360 2579 2
1393 2536 1694 2582 continuavit
1740 2535 1861 2580 hanc

155 2596 298 2638 totam
341 2590 664 2649 diqreeeimoem
701 2595 824 2639 inter
868 2602 967 2650 cap.
1004 2593 1087 2638 IX
1122 2597 1164 2638 et
1205 2593 1255 2638 X
1300 2596 1562 2653 transponit
1602 2595 1809 2641 Karsten
1848 2593 1855 2654 Ι

156 2651 255 2709 poli
285 2651 497 2696 berceto·
521 2651 566 2696 A
601 2665 715 2698 corr
748 2653 921 2711 0019.ss
961 2651 991 2697 8
1021 2651 1276 2710 filosophus
1300 2654 1345 2700 A
1367 2654 1401 2724 ‚U
1440 2654 1471 2700 9
1501 2668 1608 2700 mea
1638 2669 1673 2701 s.
1691 2667 1730 2699 v.
1749 2652 1857 2699 add.

156 2711 225 2757 A¹
254 2711 273 2771 ΙΙ
314 2710 372 2757 12
402 2709 635 2756 dicionem
665 2713 779 2771 vola.
814 2711 1075 2758 edicionem
1099 2713 1145 2758 A
1177 2712 1183 2770 Ι
1217 2713 1404 2760 uictoris
1428 2713 1499 2760 A⁶
1535 2712 1654 2774 {1⁰16
1684 2725 1714 2757 a
1768 2726 1858 2759 uae

156 2784 272 2816 cor-r
297 2785 355 2816 ex
384 2770 570 2827 adquae
594 2771 691 2815 A·-
704 2775 809 2826 ’,αι
832 2784 955 2829 quae
979 2771 1049 2817 A⁶
1077 2770 1095 2831 ΙΙ
1124 2770 1183 2816 19
1214 2772 1455 2819 delexerat
1484 2786 1599 2819 corr
1623 2773 1678 2817 in
1700 2771 1789 2817 di-
1813 2774 1859 2819 A

156 2830 252 2883 fort
286 2845 344 2876 m
372 2835 399 2876 1
428 2831 446 2889 ΙΙ
449 2784 538 2874 ‘¹24
568 2828 716 2875 bostis
747 2831 829 2877 ille
860 2842 889 2876 ς
922 2831 1060 2876 Gertz
1089 2831 1271 2877 dabitat
1301 2847 1367 2878 an
1397 2837 1505 2878 ante
1534 2831 1615 2877 ille
1646 2837 1729 2878 aut
1752 2839 1860 2891 post

159 2888 393 2944 professus
425 2889 687 2935 addendum
717 2892 775 2936 sit
808 2891 902 2935 dux
933 2891 949 2949 Η
979 2889 1039 2935 29
1070 2890 1162 2936 fuit
1191 2894 1243 2937 in
1273 2906 1364 2937 ras.
1392 2890 1460 2937 A¹
