2034 3086
59 842 101 874 10

60 1215 101 1248 15

662 26 745 71 DE
775 26 883 71 IRA
916 26 1026 72 Lm.
1051 26 1085 71 1.
1119 25 1247 72 eAP.
1275 30 1300 71 1
1768 30 1839 83 47

133 169 268 221 quos
307 150 388 204 ira
416 149 681 220 possedit,
718 149 898 219 ipsum
930 148 1149 202 illorum
1179 147 1424 201 habitum
1457 147 1686 219 intuere;
1715 167 1843 203 nam

131 228 193 279 ut
229 225 523 279 furentium
562 226 708 278 certa
746 222 946 277 indicia
984 226 1110 277 sunt
1148 222 1324 276 audax
1354 225 1407 275 et
1437 224 1623 278 minax
1644 224 1844 293 vultus,

130 300 300 354 tristis
354 299 529 367 fronS,
581 301 738 351 torva
790 297 980 367 facies,
1039 298 1235 352 citatus
1291 297 1511 368 gradus,
1572 299 1843 369 inquietae

130 393 345 443 manus,
393 374 545 427 color
580 390 789 442 versus,
838 371 1023 427 crebra
1068 376 1122 426 et
1158 372 1526 427 vehementius
1574 377 1694 428 acta
1732 392 1845 429 sus-

130 450 292 520 piria,
346 449 423 501 ita
476 447 821 501 irascentium
876 446 1060 501 eadem
1108 447 1264 519 signa
1310 449 1457 501 sunt:
1511 447 1743 520 flagrant
1781 466 1844 503 ae
1875 463 1904 503 4

131 524 334 578 micant
388 522 557 591 oculi,
611 522 813 576 multus
869 540 959 577 ore
1013 525 1131 576 toto
1178 522 1344 576 rubor
1390 524 1731 578 exaestuante
1777 524 1844 578 ab

132 599 255 652 imis
314 596 641 667 praecordiis
703 598 988 670 sanguine,
1046 598 1199 652 labra
1260 596 1599 667 quatiuntur,
1660 598 1844 654 dentes

132 672 587 742 comprimuntur,
624 673 845 726 horrent
884 690 947 726 ac
993 672 1336 743 surriguntur
1367 671 1575 742 capilli,
1623 673 1844 742 spiritus

132 750 348 801 coaetus
388 765 451 802 ac
489 747 743 816 stridens,
789 746 1140 800 articulorum
1184 765 1239 799 se
1278 747 1426 817 ipsos
1475 748 1844 816 torquentium

132 840 320 892 sonus,
358 823 591 893 gemitus
624 822 971 892 mugitusque
996 823 1049 873 et
1072 839 1264 890 parum
1297 821 1597 891 explanatis
1621 822 1845 876 vocibus

132 915 306 950 sermo
354 899 674 966 praeruptus
721 898 775 948 et
821 895 1110 965 conplosae
1157 896 1367 966 saepius
1407 915 1598 950 manus
1638 899 1692 950 et
1729 897 1849 967 pul—

132 975 247 1025 sata
284 971 481 1023 humus
521 970 746 1039 pedibus
773 972 826 1022 et
848 973 1024 1024 totum
1057 971 1329 1025 concitum
1362 989 1557 1042 eorpus
1584 971 1847 1044 ‘magnas-

133 1064 236 1115 que
286 1045 395 1097 irae
446 1045 619 1098 minas
671 1044 871 1116 agens’‚
920 1045 1078 1099 foeda
1115 1046 1237 1100 visu
1287 1049 1340 1099 et
1377 1046 1644 1101 horrenda
1682 1047 1846 1102 facies

133 1119 540 1189 depravantium
566 1138 622 1172 se
646 1123 806 1190 atque
838 1121 1311 1175 intumescentium
1336 1152 1407 1160 —
1431 1122 1638 1176 nescias
1663 1125 1847 1175 utrum
1880 1135 1906 1175 5

132 1194 305 1265 magis
356 1193 667 1248 detestabile
705 1195 899 1248 vitium
947 1196 1018 1248 sit
1063 1213 1133 1248 an
1178 1194 1429 1248 deforme.
1508 1199 1683 1250 cetera
1719 1197 1849 1251 licet

132 1268 456 1323 abscondere
503 1272 556 1322 et
602 1270 661 1322 in
699 1269 881 1322 abdito
922 1269 1086 1322 alere:
1125 1269 1205 1321 ira
1243 1287 1298 1323 se
1338 1270 1545 1339 profert
1583 1273 1637 1323 et
1675 1272 1734 1325 in
1771 1271 1847 1325 fa·
1865 1288 1890 1338 φὶ
1907 1294 1933 1327 τ,
1947 1279 2007 1320 23¹»
2024 1284 2033 1306 ἰ

133 1344 270 1398 ciem
308 1344 436 1412 exit,
468 1347 777 1413 quantoque
808 1343 998 1412 maior,
1027 1343 1132 1397 hoc
1163 1342 1460 1397 effervescit
1495 1345 1844 1400 manifestius.

132 1435 245 1470 non
281 1417 430 1470 vides
470 1421 532 1470 ut
570 1418 814 1471 omnium
853 1417 1193 1488 animalium,
1236 1418 1399 1471 simul
1437 1418 1504 1471 ad
1542 1419 1845 1473 nocendum

134 1492 559 1560 insurrexerunt,
603 1495 952 1562 praecurrant
994 1496 1154 1546 notae
1201 1510 1264 1547 ac
1302 1495 1419 1547 tota
1457 1510 1685 1563 corpora
1724 1494 1847 1547 soli-

132 1569 250 1620 tum
282 1567 631 1636 quietumque
663 1566 1004 1638 egrediantur
1033 1568 1278 1622 habitum
1311 1571 1365 1622 et
1394 1568 1663 1622 feritatem
1695 1586 1847 1630 suam

133 1640 484 1712 exasperent?
537 1644 792 1711 spumant
822 1643 966 1713 apris
996 1662 1090 1697 ora
1097 1685 1113 1713 ‚
1144 1643 1328 1698 dentes
1354 1646 1620 1699 acuuntur
1643 1644 1848 1713 attritu,
1880 1658 1907 1697 6

133 1720 409 1771 taurorum
449 1734 650 1771 cornua
688 1718 955 1772 iactantur
993 1719 1051 1772 in
1087 1736 1317 1773 vacuum
1357 1722 1411 1772 et
1448 1719 1648 1773 harena
1686 1719 1849 1790 pulsu

134 1791 331 1860 pedum
385 1793 681 1863 spargitur,
739 1793 921 1846 leones
984 1793 1244 1863 fremunt,
1305 1793 1563 1848 inflantur
1623 1794 1847 1848 irritatis

134 1866 276 1920 eolla
305 1868 665 1938 serpentibus,
694 1868 1000 1922 rabidarum
1034 1885 1228 1921 eanum
1258 1868 1428 1923 tristis
1462 1872 1708 1939 aspectus
1745 1871 1847 1924 est:

284 2069 315 2115 2
346 2073 468 2116 sunt.
502 2072 659 2117 audax
690 2088 721 2118 a
757 2074 1170 2129 interpunctionem
1207 2087 1322 2119 corr.
1357 2074 1496 2120 Gertz
1537 2075 1554 2135 Η
1594 2075 1625 2120 6
1664 2078 1845 2121 exestu-

139 2130 249 2173 ante
270 2130 315 2174 L
330 2140 360 2174 ς
390 2132 439 2175 et
461 2133 678 2177 estuante
702 2147 733 2176 a
755 2132 773 2192 ΙΙ
806 2132 830 2176 7
856 2132 978 2188 ymis
1002 2147 1032 2178 a
1055 2139 1070 2190 l!
1099 2133 1130 2178 9
1151 2134 1480 2191 torqueneium
1503 2150 1536 2181 a
1557 2134 1575 2196 ΙΙ
1606 2134 1661 2180 11
1688 2135 1847 2193 cplose

138 2188 296 2246 sepius
326 2204 358 2235 a
394 2190 412 2249 ΙΙ
454 2189 513 2234 12
542 2204 835 2249 magnasque
867 2191 934 2236 ire
960 2195 1015 2250 (2²)
1048 2194 1201 2238 minas
1233 2206 1379 2252 agens
1411 2209 1442 2240 a
1458 2195 1502 2240 L
1534 2209 1672 2253 quam
1702 2195 1846 2251 serip-

139 2254 292 2293 mram
335 2255 453 2295 reete
498 2250 680 2295 videtur
720 2250 959 2305 defendere
997 2253 1057 2298 A.
1093 2253 1289 2299 Tkomas
1333 2268 1583 2313 aquescens
1627 2254 1848 2299 iambicos

138 2322 349 2354 numos
394 2308 606 2365 (Hermes
638 2310 879 2356 XXVIII
914 2326 964 2369 p.
991 2315 1113 2371 278).
1161 2314 1291 2359 mitto
1337 2315 1623 2360 coniecturas
1663 2327 1732 2359 vv.
1768 2313 1843 2359 dd.

132 2382 303 2425 param
329 2368 591 2425 probabiles
626 2368 643 2428 ΙΙ
681 2368 739 2414 18
770 2368 880 2415 feda
911 2386 942 2416 a
975 2371 991 2431 ΙΙ
1030 2371 1088 2418 14
1120 2372 1485 2430 deprauantium
1518 2386 1567 2418 se
1600 2374 1744 2430 atque
1775 2373 1845 2419 in-

137 2427 499 2472 tumescentium
540 2428 585 2473 L
630 2429 742 2487 voly.
785 2430 1106 2488 deprauancifi
1150 2432 1306 2491 adque
1348 2432 1719 2479 intumescencifi
1758 2448 1790 2479 a
1830 2434 1848 2495 Η

140 2486 199 2532 15
229 2486 357 2531 uieifi
389 2501 420 2532 a
448 2487 465 2546 13
503 2486 563 2532 16
593 2490 643 2533 et
673 2489 721 2533 in
754 2489 916 2535 abdito
942 2492 986 2537 L
1016 2493 1131 2552 volq.
1165 2494 1213 2539 et
1245 2491 1409 2539 abdito
1441 2509 1472 2539 a
1501 2494 1518 2555 ΙΙ
1556 2493 1613 2539 17
1646 2495 1846 2550 quanto-

139 2560 231 2606 que
262 2546 413 2591 maior
444 2562 474 2591 a
513 2549 585 2592 est
626 2549 737 2608 voly.
774 2551 976 2607 addant,
1015 2553 1095 2598 sed
1126 2552 1210 2608 cfr.
1243 2553 1367 2599 elem.
1402 2555 1434 2599 I
1457 2557 1546 2610 5,4
1579 2557 1639 2612 (p.
1664 2556 1847 2610 224,20

143 2607 275 2665 Hos.)
307 2607 417 2651 dial.
446 2608 539 2652 III
566 2610 683 2663 13‚2
718 2611 735 2669 Η
776 2610 834 2655 19
865 2614 1091 2670 peuri-ant
1121 2614 1231 2659 note
1263 2613 1355 2659 aL
1393 2614 1673 2671 procurrant
1704 2615 1846 2659 notae

140 2667 239 2713 edd.
277 2671 384 2712 ante
428 2667 477 2712 F
474 2667 711 2724 ickertum,
754 2672 852 2716 sine
891 2672 1031 2717 dubio
1068 2677 1195 2718 recte.
1255 2673 1354 2718 irae
1394 2678 1501 2720 ante
1538 2676 1846 2731 praecurrant

140 2727 246 2773 add.
282 2726 443 2782 Gertz,
478 2733 531 2773 ut
560 2728 725 2774 habeat
753 2738 894 2789 genet.
935 2732 1143 2777 omnium
1176 2732 1452 2778 animalium
1484 2733 1608 2779 ande
1631 2734 1844 2791 pendeat.

141 2793 343 2846 expectes
373 2786 590 2832 omnibus
623 2788 671 2833 in
704 2790 988 2836 animalibus
1022 2827 1030 2836 .
1059 2828 1068 2837 .
1097 2826 1107 2838 .
1135 2827 1144 2836 .
1177 2794 1456 2850 procurrant
1490 2793 1496 2854 1
1537 2805 1592 2838 ae
1623 2807 1653 2837 a
1685 2795 1734 2839 et
1756 2795 1801 2840 L
1829 2793 1848 2852 ΙΙ

139 2846 201 2893 20
223 2847 529 2905 quietumque
554 2848 599 2894 L
630 2848 841 2905 quietum
874 2866 904 2895 a
934 2851 951 2911 {1
980 2850 1041 2896 22
1072 2864 1217 2898 arena
1246 2867 1278 2899 a
