2034 3086
227 42 331 98 138
563 41 612 84 L.
638 10 875 85 ANNAEI
906 41 1179 87 SENECAE
1211 41 1369 88 mAL.
1394 43 1506 89 LIB.
1533 44 1586 89 v.

223 162 497 216 iracundia
547 180 784 230 mancOS,
833 165 1031 218 multos
1071 165 1269 219 debiles
1309 165 1458 235 fecit,
1505 167 1666 219 etiam
1705 169 1796 222 ubi
1834 188 1925 238 pa-

222 238 444 290 tientem
493 241 566 290 est
613 240 809 290 nancta
859 240 1149 292 materiam.
1238 240 1386 294 adice
1424 259 1568 295 nunc
1607 243 1751 311 quod
1788 243 1927 296 nihil

222 315 333 364 tam
388 311 634 364 inbecille
688 314 875 364 natum
931 316 1032 381 est,
1093 317 1155 366 ut
1208 315 1321 368 sine
1379 315 1624 369 elidentis
1686 318 1924 385 periculo

222 388 427 456 pereat:
478 385 757 439 inbecillos
797 387 1176 442 valentissimis
1216 389 1347 443 alias
1387 389 1561 458 dolor,
1602 391 1732 444 alias
1773 410 1925 446 casus

223 463 494 529 exaequat.
574 459 724 528 quid,
777 460 922 529 quod
971 461 1226 532 pleraque
1276 482 1481 533 eorum,
1531 467 1753 534 propter
1791 485 1926 535 quae

223 535 523 604 irascimur,
557 534 834 587 offendunt
864 553 963 589 nos
996 537 1166 606 magis
1197 556 1357 606 quam
1387 539 1643 592 laedunt?
1697 541 1926 594 multum

223 611 400 662 autem
439 609 680 677 interest,
720 612 902 662 utrum
941 610 1135 679 aliquis
1174 612 1442 665 voluntati
1472 632 1618 666 meae
1651 617 1827 683 opstet
1859 634 1927 668 an

222 683 380 751 desit,
436 683 629 752 eripiat
683 701 751 735 an
804 702 915 736 non
965 683 1066 737 det.
1145 686 1295 755 atqui
1341 687 1398 739 in
1443 706 1612 757 aequo
1661 689 1926 757 ponimuS,

221 760 402 810 utrum
454 758 648 827 aliquis
701 757 907 811 auferat
945 777 1015 811 an
1052 763 1232 830 neget,
1279 763 1461 814 utrum
1500 781 1649 831 spem
1687 766 1927 817 nostram

222 832 494 901 praecidat
543 851 612 886 an
658 832 889 902 differat,
936 836 1117 887 utrum
1156 838 1343 888 contra
1380 854 1479 890 nos
1519 837 1682 891 faciat
1720 857 1789 891 an
1827 857 1925 908 pro

223 926 299 976 se,
352 926 530 960 amore
582 908 800 962 alterius
852 927 921 962 an
968 909 1091 962 odio
1131 911 1316 963 nostri.
1396 911 1613 980 quidam
1651 931 1777 966 vero
1817 932 1927 966 non

222 985 431 1035 tantum
471 983 638 1036 iustas
679 1001 864 1037 causas
906 983 1082 1037 standi
1121 988 1308 1038 contra
1345 1004 1466 1054 nos,
1508 986 1599 1039 sed
1638 987 1798 1040 etiam
1834 989 1927 1041 ho-

221 1060 398 1111 nestas
438 1057 659 1110 habent:
698 1058 835 1111 alius
874 1061 1082 1127 patrem
1113 1062 1313 1129 tuetur,
1349 1061 1485 1115 alius
1517 1061 1758 1128 fratrem,
1791 1063 1926 1116 alius

221 1132 473 1201 patriam,
521 1131 656 1185 alius
708 1133 961 1203 amicum3
1014 1134 1098 1187 his
1138 1138 1318 1188 tamen
1355 1153 1466 1188 non
1504 1136 1832 1206 ignoscimus
1873 1137 1928 1189 id

221 1206 561 1275 facientibus,
622 1207 766 1276 quod
814 1208 920 1260 nisi
971 1208 1206 1262 facerent
1263 1210 1688 1279 inprobaremus,
1747 1211 1926 1279 immO,

222 1281 367 1349 quod
407 1284 488 1334 est
526 1281 858 1350 incredibile,
900 1282 1064 1352 saepe
1095 1283 1158 1336 de
1198 1284 1341 1338 facto
1380 1285 1514 1337 bene
1546 1285 1926 1354 existimamus,

222 1355 285 1408 de
324 1356 551 1408 faciente
591 1356 742 1409 male.
806 1359 861 1409 at
899 1375 983 1410 me
1014 1357 1256 1412 hercules
1288 1359 1371 1411 vir
1402 1377 1628 1430 magnus
1661 1377 1723 1413 ac
1755 1360 1926 1414 iustus

221 1429 576 1483 fortissimum
616 1448 879 1500 quemque
920 1450 985 1484 ex
1021 1432 1266 1487 hostibus
1308 1434 1416 1487 suis
1457 1437 1510 1486 et
1547 1452 1646 1502 pro
1681 1434 1927 1487 libertate

221 1521 283 1557 ac
338 1504 507 1557 salute
563 1505 767 1573 patriae
836 1507 1322 1574 pertinacissimum
1380 1508 1606 1576 suspicit
1659 1510 1712 1560 et
1763 1507 1926 1561 talem

222 1578 325 1632 sibi
364 1579 556 1647 civem,
595 1580 759 1632 talem
798 1581 1025 1634 militem
1064 1582 1374 1653 contingere
1414 1584 1579 1651 optat.

371 1651 565 1706 XXIX.
607 1653 784 1724 Turpe
818 1658 898 1708 est
930 1656 1104 1710 odisse
1137 1674 1295 1726 quem
1325 1656 1532 1724 laudes3
1565 1659 1765 1725 quanto
1797 1675 1922 1710 vero

220 1728 431 1797 turpius
466 1728 533 1781 ob
566 1728 622 1781 id
654 1729 888 1798 aliquem
921 1731 1116 1800 odisse,
1148 1733 1369 1800 propter
1393 1731 1538 1800 quod
1561 1731 1924 1785 misericordia

221 1802 415 1873 dignus
456 1805 557 1857 est:
606 1804 651 1857 si
690 1805 933 1873 captivus
973 1805 1031 1858 in
1070 1805 1380 1859 servitutem
1420 1806 1596 1859 subito
1643 1805 1922 1875 depressus

220 1877 473 1946 reliquias
521 1877 785 1932 libertatis
836 1882 982 1932 tenet
1029 1898 1128 1933 nec
1179 1879 1246 1933 ad
1297 1879 1510 1934 sordida
1555 1898 1617 1934 ac
1654 1879 1923 1933 laboriosa

221 1952 517 2006 ministeria
554 1953 712 2023 agilis
753 1954 1006 2023 occurrit,
1047 1955 1093 2008 si
1127 1973 1194 2007 ex
1225 1955 1335 2008 otio
1368 1955 1521 2025 piger
1551 1973 1749 2024 equum
1779 1955 1924 2008 vehi-

222 2027 509 2097 culumque
559 2027 764 2080 domini
814 2024 974 2082 cursu
1021 2047 1133 2082 non
1182 2033 1464 2099 exaequat,
1508 2030 1554 2082 si
1592 2031 1732 2082 inter
1769 2030 1924 2083 cotti·

222 2101 380 2154 diana
418 2101 701 2172 pervigilia
739 2102 940 2156 fessum
978 2121 1196 2157 somnus
1237 2105 1526 2173 oppressit,
1572 2105 1618 2158 si
1662 2104 1923 2158 rusticum

220 2175 460 2229 laborem
510 2179 719 2230 recusat
765 2180 857 2230 aut
901 2196 1013 2231 non
1054 2179 1266 2231 fortiter
1305 2179 1439 2232 obiit
1477 2198 1508 2231 a
1547 2179 1800 2232 servitute
1839 2198 1923 2231 ur-

221 2250 360 2302 bana
391 2253 444 2303 et
473 2251 662 2303 feriata
688 2252 979 2305 translatus
1004 2252 1071 2305 ad
1095 2253 1287 2306 durum
1311 2253 1469 2322 opus!
1516 2253 1924 2323 distinguamus,

221 2327 403 2377 utrum
442 2325 635 2393 aliquis
674 2343 786 2378 non
823 2327 996 2395 possit
1035 2345 1104 2379 an
1137 2327 1297 2380 nolit:
1336 2327 1535 2381 multos
1568 2326 1921 2395 absolvemus,

222 2399 267 2450 si
307 2399 637 2468 coeperimus
677 2403 799 2453 ante
838 2400 1072 2454 iudicare
1112 2420 1273 2470 quam
1311 2402 1482 2455 irasci.
1558 2419 1702 2454 nunc
1744 2404 1922 2454 autem

220 2473 454 2541 primum
493 2474 753 2543 impetum
793 2476 1085 2544 sequimur,
1126 2475 1334 2544 deinde,
1376 2476 1619 2544 quamvis
1651 2494 1788 2528 vana
1821 2494 1920 2528 nos

372 2621 398 2665 1
415 2622 677 2677 patientem
701 2624 773 2666 est
791 2624 966 2666 nancta
981 2625 1094 2667 mat.
1113 2623 1380 2680 Petschenig)
1395 2622 1656 2679 patientem
1680 2618 1920 2677 naim‘ta-

222 2681 472 2725 materiam
496 2682 542 2727 A
572 2696 618 2738 p.
643 2696 686 2727 n.
712 2697 771 2727 m.
798 2684 1018 2738 <erat>
1054 2682 1190 2728 Gertz
1230 2681 1246 2742 Η
1288 2681 1348 2726 14
1384 2682 1592 2738 patriam
1614 2683 1661 2727 A
1699 2683 1920 2739 patruum

222 2740 335 2798 voly.
375 2740 391 2799 Η
431 2740 491 2785 22
528 2741 898 2786 misericordiam
930 2742 999 2787 A1
1038 2742 1363 2800 (compendiose
1395 2743 1523 2798 scra),
1561 2742 1725 2787 deinde
1755 2742 1920 2786 ultima

222 2814 270 2844 m
301 2800 449 2845 deleta
478 2807 542 2846 est
577 2800 594 2860 Η
630 2801 691 2846 26
721 2801 983 2846 cottidiana.
1006 2804 1052 2847 A
1082 2803 1098 2862 Η
1132 2801 1191 2847 28
1222 2801 1341 2847 obiit
1364 2803 1410 2846 A
1443 2801 1542 2846 obit
1574 2800 1785 2846 Erasm.²
1813 2801 1917 2856 fort.

222 2861 388 2905 rectius

1960 857 2001 890 10

1959 1229 2001 1261 15

1958 1600 2000 1632 20

1955 1973 1997 2005 25

1954 2344 1997 2376 30
