2034 3086
139 194 164 233 2

200 59 271 114 52
529 57 579 103 L.
604 56 840 101 ANNAEI
873 55 1146 101 SENECAE
1179 57 1336 103 DIAL.
1362 57 1473 103 LIB.
1499 58 1576 103 111.

348 177 438 232 An
499 179 791 233 secundum
851 175 1117 232 naturam'
1153 180 1223 234 sit
1275 180 1618 244 manifestum
1671 182 1793 250 erit,
1857 182 1903 235 si

198 253 469 308 hominem
509 254 910 323 inspexerimus.
989 271 1095 323 quo
1137 255 1266 324 quid
1305 257 1386 308 est
1424 255 1629 323 mitius,
1680 256 1808 310 dum
1846 257 1904 310 in

197 332 342 382 recto
383 328 549 382 animi
586 328 801 382 habitus
838 327 954 382 est?
1009 328 1138 398 quid
1170 332 1347 382 autem
1380 329 1458 383 ira
1489 329 1755 384 crudelius
1787 330 1904 385 est?

197 403 417 474 (quid)
447 403 664 456 homine
696 403 925 456 aliorum
957 403 1259 458 amantius?
1335 404 1464 473 quid
1503 405 1582 458 ira
1619 404 1903 460 infestius?

196 478 359 534 homo
385 478 438 531 in
464 477 790 531 adiutorium
821 480 1067 531 mutuum
1100 479 1310 549 genitus
1342 481 1444 548 est,
1476 480 1556 532 ira
1578 479 1634 532 in
1658 479 1903 550 exitium;

197 553 286 607 hic
337 553 654 624 congregari
692 553 830 621 vult,
882 552 976 605 illa
1026 553 1315 622 discedere,
1366 553 1456 607 hic
1495 554 1768 624 prodesse,
1808 555 1903 608 illa

195 645 408 696 nocere,
448 627 539 681 hic
577 628 739 681 etiam
777 627 978 698 ignotis
1012 646 1339 696 succurrere,
1379 628 1474 682 illa
1504 629 1665 682 etiam
1696 629 1904 683 carissi-

196 721 312 756 mos
366 704 571 773 petere;
622 703 712 756 hic
761 702 990 756 aliorum
1040 702 1334 756 commodis
1373 703 1461 756 vel
1508 704 1795 774 inpendere
1847 722 1902 757 se

194 779 413 847 paratus
452 780 555 847 est,
594 777 689 831 illa
727 777 784 830 in
809 777 1142 847 periculum,
1194 777 1483 831 dummodo
1523 778 1769 848 deducat,
1817 778 1903 832 de-

196 851 458 906 scendere.
515 853 636 923 quis
668 870 796 923 ergo
821 852 993 924 magis
1015 855 1263 906 naturam
1286 870 1464 906 rerum
1494 853 1710 924 ignorat
1742 871 1902 923 quam

196 927 289 996 qui
329 927 535 997 optimo
576 928 689 981 eius
729 927 880 997 operi
918 930 972 980 et
1009 927 1440 981 emendatissimo
1487 928 1592 983 hoc
1629 929 1802 982 ferum
1841 946 1902 983 ac

194 1002 556 1072 perniciosum
594 1002 787 1055 vitium
837 1001 1120 1073 adsignat?
1196 1003 1296 1072 ira,
1346 1005 1408 1055 ut
1445 1002 1700 1072 diximus,
1747 1003 1902 1057 avida

195 1095 398 1146 poenae
431 1080 533 1146 est,
565 1077 716 1131 cuius
749 1076 1057 1146 cupidinem
1089 1077 1260 1132 inesse
1291 1078 1635 1147 pacatissimo
1666 1079 1901 1132 hominis

194 1152 401 1221 pectori
439 1152 658 1205 minime
695 1151 990 1220 secundum
1029 1152 1142 1206 eius
1180 1154 1427 1206 naturam
1467 1155 1560 1207 est.
1628 1153 1901 1207 beneficiis

195 1227 338 1280 enim
390 1227 625 1280 humana
666 1227 779 1279 vita
832 1230 1044 1280 constat
1097 1230 1151 1281 et
1188 1227 1495 1297 concordia,
1547 1245 1647 1282 nec
1700 1230 1901 1281 terrore

195 1301 287 1354 sed
326 1305 513 1355 mutuo
547 1320 726 1355 amore
758 1302 815 1354 in
846 1301 1034 1355 foedus
1068 1302 1433 1371 auxiliumque
1464 1320 1746 1356 commune
1778 1320 1902 1356 con-

196 1377 491 1446 stringitur.

345 1449 436 1504 VI.
477 1449 638 1515 ‘Quid
676 1450 842 1521 ergo}>
917 1469 1030 1505 non
1067 1451 1355 1522 aliquando
1395 1451 1677 1523 castigatio
1724 1468 1901 1505 neces-

195 1526 334 1579 saria
372 1523 515 1579 est‘?'
594 1524 817 1596 quidni?
895 1525 986 1579 sed
1031 1526 1163 1580 haec
1209 1526 1322 1580 sine
1362 1526 1462 1596 ira,
1513 1544 1636 1581 cum
1674 1527 1901 1596 ratione3

192 1619 304 1654 non
349 1601 492 1654 em'm
535 1603 696 1654 nocet
742 1600 834 1654 sed
881 1601 1122 1654 medetur
1168 1601 1343 1671 specie
1392 1601 1633 1655 nocendi.
1722 1619 1902 1671 quem·

194 1675 483 1729 admodum
553 1675 814 1745 quaedam
870 1675 1088 1729 hastilia
1150 1676 1379 1744 detorta,
1434 1679 1495 1729 ut
1555 1675 1901 1748 corrigamuS,

195 1750 467 1804 adurimus
507 1753 560 1803 et
598 1749 800 1804 adactis
848 1750 1053 1819 cuneis,
1098 1769 1210 1804 non
1247 1753 1308 1803 ut
1352 1751 1663 1822 frangamus
1711 1750 1804 1805 sed
1841 1754 1902 1803 ut

194 1826 542 1895 explicemus,
594 1825 864 1894 elidimus,
916 1826 993 1879 sic
1046 1825 1262 1896 ingenia
1310 1825 1444 1879 vitio
1498 1844 1664 1895 prava
1718 1825 1901 1878 dolore

195 1900 435 1970 corporis
482 1899 753 1969 animique
800 1900 1133 1971 corrigimus.
1210 1918 1402 1969 nempe
1448 1900 1685 1954 medicus
1724 1900 1900 1969 primo

194 1975 252 2028 in
287 1975 495 2028 levibus
518 1974 665 2027 vitiis
709 1977 934 2044 temptat
970 1993 1083 2028 non
1120 1975 1351 2028 multum
1381 1993 1449 2028 ex
1478 1975 1747 2029 cotidiana
1778 1992 1901 2028 con·

195 2049 475 2103 suetudine
499 2048 768 2103 inflectere
793 2052 846 2102 et
870 2049 1025 2118 cibis,
1064 2049 1399 2119 potionibus,
1432 2049 1899 2103 exercitationibus

195 2124 437 2178 ordinem
475 2124 730 2194 inponere
769 2141 832 2178 ac
871 2124 1231 2178 valetudinem
1268 2127 1479 2178 tantum
1517 2127 1722 2178 mutata
1759 2124 1900 2177 vitae

195 2198 547 2268 dispositione
601 2199 824 2252 firmare.
903 2199 1210 2268 proximum
1264 2201 1365 2267 est,
1421 2202 1483 2252 ut
1535 2199 1724 2253 modus
1779 2216 1900 2268 pro-

195 2274 363 2343 ficiat3
410 2274 456 2328 si
503 2273 692 2327 modus
732 2276 786 2326 et
825 2273 955 2326 ordo
995 2292 1107 2327 non
1144 2273 1382 2344 proficit,
1433 2273 1682 2328 subducit
1720 2274 1899 2343 aliqua

196 2351 249 2402 et
287 2348 644 2418 circumcidit3
690 2348 736 2402 si
784 2367 851 2401 ne
898 2348 1071 2402 adhoc
1121 2348 1337 2418 quidem
1386 2348 1693 2419 respondet,
1740 2348 1900 2401 inter-

345 2464 374 2510 2
406 2465 532 2522 quod
556 2464 639 2519 A¹‚
670 2478 785 2511 corr.
812 2466 866 2510 in
896 2479 988 2522 quo
1013 2463 1083 2510 A²
1111 2464 1128 2525 ΙΙ
1164 2463 1195 2510 3
1225 2463 1418 2509 habitus
1442 2466 1503 2520 A,
1534 2465 1655 2523 quod
1685 2465 1794 2510 bene
1823 2465 1898 2510 de-

195 2524 347 2581 fendit
378 2525 515 2571 Gertz
545 2525 646 2570 coll.
672 2539 739 2582 ep.
765 2528 838 2581 95,
853 2528 914 2570 57
944 2523 1114 2570 habitu
1138 2525 1182 2570 L
1206 2529 1250 2570 et
1270 2526 1385 2583 voly.
1417 2523 1433 2585 Η
1463 2524 1493 2569 4
1520 2524 1636 2582 quid
1659 2524 1848 2570 homine
1871 2536 1899 2569 ς

197 2584 313 2641 quid
343 2599 428 2630 om.
453 2585 552 2630 AL
575 2585 748 2642 aliique
772 2595 800 2629 ς
829 2584 846 2645 ΙΙ
874 2584 906 2629 6
929 2584 1192 2629 discindere
1216 2585 1410 2631 Wolters
1438 2584 1455 2644 Η
1485 2584 1514 2630 8
1537 2586 1696 2641 petere
1721 2586 1767 2630 A
1794 2598 1899 2641 per-

198 2644 308 2690 dere
332 2645 493 2690 Haase
524 2658 581 2690 ex
610 2655 640 2689 ς
686 2645 691 2703 ι
738 2644 994 2690 commodis
1026 2645 1255 2690 Erasmus
1291 2644 1599 2690 incommodis
1623 2645 1670 2689 A
1711 2644 1728 2704 ΙΙ
1769 2644 1826 2689 11
1856 2650 1900 2692 et

197 2704 576 2750 emendatissimo
601 2703 765 2750 A³L5
796 2704 1197 2749 &mendatissimo
1210 2706 1267 2762 (?)
1291 2704 1362 2750 A²
1390 2704 1406 2764 ΙΙ
1436 2704 1494 2749 19
1526 2704 1625 2748 sine
1656 2704 1729 2750 ira
1763 2704 1899 2750 Gertz

199 2763 381 2809 sincera
404 2765 451 2809 A
480 2763 497 2823 Η
533 2763 595 2809 30
624 2778 683 2809 ne
716 2764 868 2809 adhoc
900 2764 1091 2821 quidem
1115 2766 1175 2821 A,
1207 2764 1328 2821 quod
1356 2764 1629 2809 servandum
1661 2778 1752 2809 esse
1781 2764 1900 2809 vidit

198 2825 325 2869 Aem.
370 2824 565 2870 Thomas
614 2825 790 2882 (Herm.
831 2824 1077 2870 XXVIII
1101 2838 1152 2882 p.
1176 2827 1266 2869 308
1306 2838 1353 2869 n.
1385 2825 1458 2881 3);
1497 2825 1682 2881 saepius
1730 2823 1897 2870 Seneca

197 2883 286 2928 hoc
318 2888 359 2929 et
390 2883 542 2929 adhoc
566 2897 656 2941 pro
686 2883 778 2929 huc
809 2889 852 2930 et
882 2883 1038 2930 adhuc
1067 2885 1201 2930 habet
1229 2897 1288 2928 ne
1319 2883 1408 2929 hoc
1434 2884 1629 2942 Mad-vig]

1934 870 1976 903 10

1934 1243 1976 1277 15

1933 1618 1976 1650 20

1933 1990 1975 2023 25

1931 2363 1978 2397 30
