2034 3086
165 69 238 123 60
493 66 542 111 L.
568 65 806 110 ANNAEI
838 64 1113 110 SENECAE
1144 66 1302 111 DIAL.
1328 66 1439 111 LIB.
1464 66 1543 112 111.

164 190 222 243 in
259 188 315 241 id
353 188 411 240 in
450 187 594 256 quod
633 190 887 258 properat
925 188 1230 256 opponitur.
1285 188 1465 257 itaque
1503 207 1603 243 nec
1640 189 1697 242 in
1735 202 1865 259 pace

163 281 262 317 nec
300 263 357 315 in
394 262 537 315 bello
576 280 833 332 umquam
871 262 1014 315 bono
1053 262 1181 331 fuit3
1230 280 1416 331 pacem
1455 265 1597 317 enim
1637 264 1865 317 similem

163 329 292 391 belli
346 336 534 406 efficit,
587 338 645 390 in
698 337 860 390 armis
906 354 1032 390 vero
1088 337 1424 391 obliviscitur
1472 338 1699 391 Martem
1751 357 1864 392 esse

164 429 502 466 communem
540 412 792 481 venitque
846 411 904 463 in
957 412 1186 465 alienam
1239 414 1581 482 potestatem,
1610 413 1758 479 ⁴dum
1809 414 1866 466 in

165 505 261 540 sua
298 504 408 539 non
447 489 539 540 est.
596 487 785 540 deinde
823 503 934 538 non
972 486 1091 540 ideo
1116 487 1250 539 vitia
1279 486 1337 539 in
1374 505 1531 540 usum
1562 488 1866 557 recipienda

165 563 310 630 sunt,
351 561 477 631 quia
516 560 804 631 aliquando
843 560 1049 629 aliquid
1087 562 1396 630 effecerunt3
1437 580 1562 614 nam
1602 565 1655 616 et
1692 563 1865 616 febres

88 700 90 702 v
165 633 424 706 quaedam
480 655 674 708 genera
712 634 1034 689 valetudinis
1085 636 1289 706 levant,
1342 653 1441 689 nec
1486 636 1606 689 ideo
1651 655 1763 691 non
1801 656 1866 690 ex

163 713 279 764 toto
335 711 443 765 illis
499 712 733 765 caruisse
787 710 978 763 melius
1033 713 1136 764 est:
1191 711 1607 765 abominandum
1667 712 1866 766 remedi

164 803 331 857 genus
378 789 460 840 est
513 786 810 839 sanitatem'
842 783 1030 838 debere
1076 786 1279 840 morbo.
1342 785 1506 839 simili
1557 785 1718 839 modo
1773 787 1867 855 ira,

162 861 324 915 etiam
364 861 410 914 si
448 860 736 930 aliquando
775 861 838 912 ut
859 877 1123 912 venenum
1154 864 1210 914 et
1238 859 1610 931 praecipitatio
1649 863 1703 913 et
1738 879 1867 914 nau-

162 936 396 1007 fragium
435 954 501 989 ex
538 935 818 1005 inopinato
866 934 1093 1004 profuit,
1139 953 1251 988 non
1287 935 1407 990 ideo
1448 935 1694 989 salutaris
1734 935 1867 988 iudi·

164 1011 333 1064 canda
371 1013 474 1079 est3
514 1028 670 1078 saepe
710 1010 852 1062 enim
893 1009 1054 1063 saluti
1093 1009 1239 1063 fuere
1278 1010 1544 1080 pestifera.

311 1097 456 1151 XIII.
496 1097 703 1151 Deinde
755 1116 891 1167 quae
929 1097 1174 1151 habenda
1213 1102 1359 1168 sunt,
1407 1118 1514 1169 quo
1562 1099 1765 1151 maiora
1803 1117 1865 1152 eo

163 1172 386 1226 meliora
409 1175 464 1225 et
486 1172 810 1242 optabiliora
841 1175 978 1225 sunt.
1035 1173 1080 1225 si
1112 1172 1319 1227 iustitia
1348 1175 1550 1228 bonum
1577 1176 1677 1242 est,
1709 1191 1866 1226 nemo

164 1247 306 1301 dicet
342 1247 619 1300 meliorem
658 1246 917 1315 futuram,
950 1247 995 1300 si
1020 1247 1151 1316 quid
1182 1247 1479 1302 detractum
1503 1267 1569 1302 ex
1592 1266 1654 1301 ea
1684 1247 1868 1318 fuerit3

164 1322 210 1375 si
248 1322 510 1376 fortitudo
547 1322 750 1375 bonum
789 1324 891 1391 est,
942 1340 1100 1375 nemo
1139 1321 1289 1375 illam
1329 1323 1648 1376 desiderabit
1679 1341 1745 1375 ex
1775 1323 1867 1375 ali-

164 1416 271 1467 qua
308 1400 461 1467 parte
500 1397 758 1451 deminui:
799 1414 926 1468 ergo
967 1399 1022 1450 et
1058 1396 1139 1450 ira
1178 1415 1284 1466 quo
1320 1398 1492 1451 maior
1521 1399 1626 1452 hoc
1656 1398 1869 1467 melior3

163 1473 285 1542 quis
336 1473 479 1526 enim
516 1472 680 1525 ullius
718 1472 847 1525 boni
887 1472 1245 1526 accessionem
1284 1472 1643 1526 recusaverit?
1718 1474 1868 1542 atqui

164 1548 350 1620 augeri
388 1548 538 1600 illam
577 1547 767 1600 inutile
806 1549 908 1600 est:
955 1559 1083 1618 ergo
1123 1550 1177 1600 et
1215 1565 1351 1615 esse3
1399 1565 1510 1600 non
1549 1550 1630 1601 est
1666 1547 1867 1600 bonum

165 1622 311 1692 quod
363 1623 692 1675 incremento
748 1622 949 1674 malum
1004 1622 1079 1675 fit.
1158 1621 1348 1675 ‘utilis’
1395 1622 1575 1691 inquit
1620 1621 1720 1673 ‘ira
1773 1623 1867 1688 est,

164 1697 292 1766 quia
341 1696 696 1766 pugnaciores
743 1695 907 1750 facit.'
985 1697 1090 1749 isto
1137 1697 1297 1750 modo
1345 1700 1399 1749 et
1437 1696 1684 1749 ebrietas:
1739 1693 1869 1746 facit

163 1772 306 1824 enim
344 1774 624 1840 protervos
656 1774 711 1823 et
748 1771 972 1824 audaces
1004 1772 1268 1839 multique
1300 1771 1546 1823 meliores
1571 1769 1638 1821 ad
1667 1768 1867 1821 ferrum

163 1846 311 1899 fuere
350 1845 489 1898 male
529 1845 717 1913 sobrii3
767 1845 871 1897 isto
923 1845 1083 1897 modo
1135 1845 1222 1898 dic
1271 1847 1325 1896 et
1374 1843 1660 1912 phrenesin
1707 1845 1866 1912 atque

163 1921 426 1974 insaniam
480 1919 684 1971 viribus
745 1919 1120 1987 necessariam,
1184 1918 1310 1987 quia
1372 1935 1527 1986 saepe
1581 1917 1866 1971 validiores

163 1995 315 2048 furor
353 1994 539 2047 reddit.
609 1992 774 2062 quid?
812 2011 924 2045 non
949 1992 1270 2061 aliquotiens
1295 1995 1468 2044 metus
1493 2009 1558 2044 ex
1597 1994 1881 2047 contrario*-

163 2069 293 2122 fecit
330 2069 606 2136 audacem,
657 2070 711 2120 et
759 2067 947 2120 mortis
986 2067 1150 2120 timor
1187 2067 1350 2119 etiam
1390 2066 1740 2121 inertissimos
1780 2087 1866 2121 ex-

165 2143 352 2196 citavit
400 2144 457 2196 in
495 2141 798 2213 proelium?
875 2141 967 2194 sed
1005 2142 1106 2210 ira,
1157 2141 1382 2194 ebrietas
1390 2181 1404 2209 ‚
1444 2136 1616 2194 metus
1656 2143 1866 2212 aliaque

164 2217 425 2271 eiusmodi
464 2217 621 2271 foeda
652 2220 705 2270 et
736 2216 935 2270 caduca
965 2216 1307 2269 inritamenta
1338 2218 1463 2268 sunt
1491 2233 1590 2269 nec
1613 2217 1866 2270 virtutem

164 2292 458 2360 instruunt,
511 2311 646 2362 quae
694 2291 834 2345 nihil
871 2291 1017 2344 vitiis
1070 2294 1213 2362 eget,
1264 2290 1355 2343 sed
1407 2308 1623 2361 segnem
1663 2291 1865 2359 alioqui

314 2451 340 2496 1
373 2451 424 2496 in
454 2453 580 2509 quod
603 2455 649 2499 L
679 2459 733 2499 ut
762 2454 875 2512 voly.
909 2453 959 2498 in
991 2467 1083 2510 quo
1108 2453 1155 2497 A
1192 2451 1209 2511 ΙΙ
1249 2451 1280 2496 3
1318 2450 1464 2496 efficit
1486 2453 1532 2497 L
1561 2454 1673 2510 voly.
1709 2450 1864 2495 effecit

164 2514 209 2557 A
239 2511 257 2571 ΙΙ
286 2511 317 2555 6
341 2510 521 2568 aliquid
548 2512 694 2571 (boni)
720 2523 748 2557 ς’
770 2514 883 2572 voly.
917 2513 934 2572 Η
963 2512 992 2558 8
1023 2511 1200 2557 remedi
1232 2524 1346 2556 corr.
1371 2512 1424 2556 in
1446 2511 1537 2557 -dii
1559 2513 1630 2557 A¹
1653 2516 1738 2556 aut
1758 2509 1828 2555 Α*
1849 2509 1866 2568 ΙΙ

163 2571 219 2616 11
269 2585 326 2616 ex
371 2571 618 2627 inopinato
664 2583 692 2616 ς
737 2573 851 2630 voly.
901 2572 1153 2629 exopinato
1192 2570 1239 2615 A
1288 2572 1570 2628 necopinato
1620 2571 1803 2615 Gronov
1848 2576 1865 2620 Η

164 2631 223 2676 13
251 2630 474 2676 habenda
497 2631 543 2675 A
576 2631 763 2676 auenda
794 2633 1019 2691 Madvi9;
1055 2630 1176 2675 illud
1206 2629 1411 2685 defendit
1444 2631 1580 2677 Gertz
1609 2635 1663 2675 st.
1680 2643 1747 2674 er,
1760 2631 1820 2673 76
1849 2629 1866 2688 Η

164 2690 224 2736 18
271 2691 414 2735 ullius
453 2691 498 2735 L
550 2691 663 2748 volq.
715 2689 845 2736 illius
888 2692 935 2738 A
986 2691 1003 2751 ΙΙ
1055 2689 1112 2734 21
1163 2690 1469 2747 pugnatiores
1511 2691 1558 2735 A
1616 2688 1672 2745 (ti
1718 2702 1774 2732 ex
1820 2688 1863 2732 ci

162 2751 254 2795 vid.
302 2753 434 2808 corr.)
487 2749 503 2809 ΙΙ
555 2748 615 2794 22
659 2751 937 2807 propteruos
972 2751 1018 2796 A
1065 2749 1186 2807 quod
1229 2749 1333 2804 fort.
1375 2749 1661 2796 retinendum
1706 2753 1804 2793 erat
1848 2748 1865 2807 ΙΙ

163 2823 223 2927 208
260 2824 520 2929 tphrenesin
569 2823 636 2881 (in
678 2825 730 2868 in
757 2813 880 2881 bas.)
920 2824 989 2870 A¹
1042 2825 1058 2883 ΙΙ
1102 2822 1162 2868 25
1203 2824 1361 2870 reddit
1395 2826 1441 2870 A
1483 2821 1691 2868 reddidit
1732 2823 1864 2868 malit

212 2897 259 2928 er
278 2898 302 2928 z

1899 878 1942 910 10

1899 1264 1941 1297 15

1899 1636 1943 1669 20

1898 2009 1941 2042 25
