2028 3106
232 98 342 152 310
572 95 621 141 L.
645 94 882 140 ANNAEI
914 94 1188 140 SENECAE
1219 95 1377 140 DIAL.
1403 95 1515 143 LIB.
1540 96 1596 142 X.

232 225 412 272 (nomen
443 229 622 261 erasum
652 216 732 271 est)
773 215 831 260 de
865 215 1184 261 consolatione
1218 251 1412 260 ......
1455 216 1616 261 Huius
1646 223 1799 264 autem
1829 233 1932 264 con-

229 276 471 321 solationis
507 275 569 320 ad
607 275 853 332 Polybium
895 277 1092 332 scriptae
1134 280 1333 321 extrema
1370 280 1550 320 tantum
1587 277 1697 322 inde
1727 293 1759 322 a
1787 280 1934 324 verbis

231 349 268 380 c.
303 339 376 391 17,
397 338 429 381 2
469 347 644 391 magna
683 334 958 379 discrimina
998 337 1052 379 in
1081 337 1128 380 A
1168 340 1325 380 extant
1362 350 1505 380 ‘unam
1536 337 1764 392 payinam
1798 338 1932 384 dimi-

231 394 442 452 diamque
483 394 577 451 (fol.
612 397 670 438 77
677 407 715 439 r.
753 399 796 439 et
833 398 893 439 77
899 396 958 452 v.)
1006 395 1260 451 explentia,
1302 400 1437 452 atque
1478 409 1533 439 ea
1574 395 1644 439 ita
1686 409 1840 452 erasa,
1882 403 1934 442 ut

232 455 320 512 leqi
367 455 448 499 vix
487 453 683 510 possint.
763 454 962 510 reliqua,
1014 468 1130 511 quae
1175 454 1355 511 quidem
1400 459 1581 500 servata
1627 460 1781 510 erant,
1828 462 1934 502 ante

229 514 310 569 fol.
352 517 411 559 77
459 514 622 557 avulsa
666 517 777 557 sunt
783 530 801 567 ;
848 528 960 558 nam
1004 515 1194 559 initium
1239 515 1349 559 lib-ri
1386 514 1569 571 pridem
1607 515 1782 571 perisse
1826 516 1934 560 inde

231 577 442 630 apparet,
489 571 609 628 quod
653 573 707 616 in
750 572 882 618 nullo
927 573 1078 619 codice
1124 575 1300 630 leyitur.
1379 589 1482 619 cum
1527 579 1678 619 autem
1725 574 1837 619 liber
1879 575 1934 619 de

231 633 346 677 brev.
389 633 510 676 vitae
556 635 598 676 et
643 632 893 676 consolatio
939 634 992 676 in
1036 633 1194 678 multis
1239 634 1367 679 codd.
1416 639 1458 679 et
1503 635 1555 679 in
1600 634 1934 690 antiquissimis

231 691 507 736 editionibus
547 691 600 735 in
641 705 786 735 unum
828 691 1104 748 coaluerint,
1150 694 1333 739 numeri
1369 695 1594 750 capitum,
1641 693 1775 750 quasi
1811 707 1934 738 wnus

232 752 343 796 liber
371 752 452 806 sit,
484 751 828 795 continuantur.
