2034 3086
167 194 189 232 1

163 1460 189 1499 4

228 59 334 113 122
564 55 613 99 L.
639 53 876 98 ANNAEI
908 53 1182 99 SENECAE
1213 52 1372 100 DIAL.
1397 53 1509 99 LIB.
1533 53 1590 98 V.

373 175 518 230 XIII.
591 175 783 247 Pugna
834 182 1013 230 tecum
1067 175 1204 245 ip'se!
1281 175 1329 229 si
1381 180 1456 228 vis
1509 175 1719 229 vincere
1773 176 1925 245 iram,

223 270 334 306 non
370 254 550 322 potest
586 254 640 304 te
679 251 786 304 illa.
864 250 1055 319 incipis
1093 250 1328 318 vincere,
1378 250 1424 304 si
1462 250 1828 319 apsconditur,
1878 252 1923 305 si

223 327 305 379 illi
354 325 528 380 exitus
573 344 685 379 non
730 326 900 379 datur.
978 325 1133 395 signa
1178 325 1291 378 eius
1339 325 1626 379 obruamus
1679 327 1731 378 et
1772 325 1922 378 illam

225 403 485 471 quantum
531 400 649 454 fieri
695 403 875 470 potest
921 399 1188 453 occultam
1234 402 1597 469 secretamque
1634 402 1920 454 teneamus.

224 494 346 530 cum
386 493 583 546 magna
621 475 675 529 id
709 477 894 528 nostra
931 475 1180 528 molestia
1216 474 1330 543 fiet,
1371 475 1522 544 cupit
1558 475 1702 528 enim
1740 474 1922 528 exilire

224 554 277 604 et
315 550 596 604 incendere
650 550 834 604 oculos
875 552 928 602 et
966 552 1174 602 mutare
1213 549 1428 618 faciem3
1479 549 1570 603 sed
1610 549 1655 603 si
1694 549 1923 603 eminere

224 625 306 679 illi
352 628 502 679 extra
556 643 655 679 nos
704 624 887 692 licuit,
937 643 1100 694 supra
1136 642 1236 678 nos
1276 627 1368 678 est.
1447 624 1504 676 in
1542 624 1651 677 imo
1691 624 1922 694 pectoris

225 719 435 755 secessu
464 699 784 754 recondatur
814 698 1148 767 feraturque,
1184 716 1297 752 non
1326 698 1486 766 ferat3
1515 698 1682 751 immo
1715 699 1772 752 in
1803 717 1924 753 con-

222 777 448 829 trarium
480 774 661 827 omnia
691 773 820 827 eius
836 772 1035 827 indicia
1064 773 1364 828 flectamus:
1395 773 1576 827 vultus
1607 774 1924 843 remittatur,

222 869 331 904 vox
366 850 540 904 lenior
579 849 673 918 sit,
722 848 918 920 gradus
963 848 1183 917 lentior3
1239 848 1500 918 paulatim
1540 867 1662 902 cum
1702 849 1925 902 exterio-

223 927 370 979 ribus
409 924 665 977 interiora
702 924 1015 978 formantur.
1071 923 1128 975 in
1160 920 1380 977 Socrate
1418 923 1527 976 irae
1566 923 1779 994 signum
1813 926 1926 976 erat

222 1018 409 1054 vocem
442 999 794 1067 summittere,
825 999 978 1067 loqui
1009 998 1236 1067 parcius.
1288 998 1578 1067 apparebat
1608 1001 1738 1051 tunc
1769 998 1920 1050 illum

223 1075 324 1128 sibi
357 1076 582 1143 opstare.
645 1073 1068 1144 deprendebatur
1098 1073 1277 1141 itaque
1308 1091 1340 1124 a
1369 1072 1722 1126 familiaribus
1755 1075 1807 1125 et
1838 1090 1926 1126 co-

223 1149 567 1220 arguebatur,
612 1166 711 1203 nec
750 1151 862 1201 erat
900 1147 982 1200 illi
1021 1146 1360 1216 exprobratio
1398 1147 1661 1201 latitantis
1701 1147 1809 1200 irae
1849 1147 1926 1199 in-

223 1226 388 1294 grata.
476 1223 663 1292 quidni
718 1222 995 1293 gauderet,
1048 1222 1193 1291 quod
1240 1222 1375 1274 iram
1429 1240 1580 1275 suam
1628 1222 1787 1274 multi
1849 1222 1923 1274 in-

221 1299 535 1369 tellegerent
547 1339 563 1367 ,
598 1316 756 1351 nemo
797 1297 1052 1351 sentiret?
1121 1297 1412 1351 sensissent
1449 1299 1654 1364 autem,
1698 1296 1803 1349 nisi
1842 1296 1924 1350 ius

223 1373 408 1427 amicis
442 1372 762 1443 obiurgandi
793 1391 848 1425 se
880 1371 1134 1440 dedisset,
1173 1371 1312 1426 sicut
1342 1371 1456 1439 ipse
1489 1371 1591 1425 sibi
1629 1371 1686 1423 in
1724 1370 1924 1424 amicos

223 1451 536 1518 sumpserat.
630 1450 831 1516 quanto
884 1447 1056 1517 magis
1110 1446 1216 1500 hoc
1263 1445 1420 1498 nobis
1475 1445 1779 1499 faciendum
1823 1446 1925 1499 est!

220 1521 472 1594 rogemus
505 1522 888 1576 amicissimum
923 1539 1213 1590 quemque,
1250 1522 1312 1572 ut
1340 1522 1471 1573 tunc
1508 1521 1740 1574 maxime
1769 1520 1925 1574 liber·

219 1601 329 1651 tate
369 1598 620 1651 adversus
666 1614 766 1650 nos
805 1599 1011 1665 utatur,
1056 1614 1179 1649 cum
1226 1595 1446 1647 minime
1492 1594 1641 1648 illam
1680 1595 1795 1664 pati
1832 1613 1925 1664 po-

219 1673 466 1739 terimus,
516 1690 615 1726 nec
669 1671 999 1725 adsentiatur
1048 1671 1157 1723 irae
1206 1672 1448 1738 nostrae3
1502 1672 1688 1723 contra
1733 1672 1923 1739 potens

220 1747 423 1800 malum
463 1750 516 1799 et
555 1749 684 1818 aput
721 1765 820 1800 nos
862 1747 1185 1816 gratiosum,
1235 1744 1362 1797 dum
1402 1743 1756 1814 consipimus,
1795 1744 1922 1796 dum

221 1821 394 1875 nostri
434 1840 640 1890 sumus,
681 1821 1014 1874 advocemus.
1097 1819 1191 1888 qui
1228 1818 1414 1871 vinum
1465 1820 1604 1872 male
1642 1819 1821 1871 ferunt
1870 1822 1923 1870 et

221 1896 492 1950 ebrietatis
545 1915 671 1949 suae
722 1895 1077 1948 temeritatem
1133 1912 1195 1947 ac
1247 1894 1602 1963 petulantiam
1659 1896 1923 1961 metuunt,

221 1969 478 2023 mandant
523 1971 658 2038 suis,
712 1973 775 2022 ut
813 1988 840 2022 e
888 1969 1136 2023 convivio
1186 1969 1518 2038 auferantur3
1569 1969 1923 2037 intemperan-

219 2046 352 2099 tiam
406 2045 463 2097 in
512 2045 701 2098 morbo
756 2062 907 2097 suam
954 2043 1159 2112 experti
1196 2061 1381 2112 parere
1428 2043 1558 2113 ipsis
1609 2043 1666 2095 in
1704 2042 1924 2095 adversa

220 2119 524 2174 valetudine
556 2121 750 2172 vetant.
800 2118 1065 2187 optimum
1097 2121 1179 2172 est
1207 2119 1351 2172 notis
1383 2118 1529 2172 vitiis
1561 2117 1924 2187 inpedimenta

220 2194 524 2264 prospicere
583 2197 636 2246 et
686 2195 808 2246 ante
856 2193 1037 2245 omnia
1075 2193 1151 2245 ita
1189 2211 1508 2262 componere
1548 2193 1813 2260 animum,
1861 2194 1923 2244 ut

371 2341 397 2385 1
439 2340 668 2385 siuincere
707 2340 826 2384 iram
865 2353 958 2383 non
997 2341 1168 2395 potest.
1226 2341 1275 2384 te
1306 2339 1391 2383 illa
1415 2335 1591 2395 ‚incipit
1620 2339 1821 2382 uincere.
1881 2336 1921 2380 si

222 2400 528 2456 apsconditur
561 2400 631 2446 A¹
673 2400 768 2456 (sed
804 2401 858 2444 in
894 2399 1053 2455 potest
1090 2399 1237 2444 altera
1267 2400 1289 2443 t
1314 2404 1476 2455 postea
1514 2412 1648 2444 erasa
1686 2399 1766 2454 est)
1806 2409 1917 2441 corr.

222 2459 360 2505 Gertz
383 2465 632 2516 praeewnte
656 2460 922 2517 Madviyio,
945 2459 1026 2515 qui
1047 2471 1131 2503 scr.
1181 2458 1221 2502 si
1243 2473 1284 2502 v.
1309 2459 1340 2503 i.
1365 2472 1459 2503 11011
1482 2459 1637 2515 potes,
1666 2470 1724 2502 ne
1748 2457 1796 2500 te
1820 2455 1917 2499 illa.

220 2519 394 2576 Incipis
428 2519 635 2574 vincere,
676 2520 716 2564 si
755 2517 1071 2563 absconditur.
1134 2518 1369 2563 Rossbach
1401 2518 1673 2563 mutandum
1704 2520 1850 2560 censet
1880 2515 1919 2558 si

222 2580 287 2635 (et
318 2578 375 2635 si)
405 2592 446 2621 v.
472 2578 502 2622 i.
529 2593 623 2623 non
653 2580 809 2635 potes,
841 2592 935 2622 11011
964 2578 1122 2634 potest
1152 2579 1201 2622 te
1232 2577 1330 2621 illa.
1383 2577 1555 2634 incipis
1593 2589 1677 2632 eqs.
1717 2574 1734 2634 Η
1779 2575 1802 2619 7
1843 2588 1918 2618 ex-

219 2639 380 2682 tranos
411 2637 560 2682 licuit.
616 2652 759 2696 supra
788 2651 872 2683 nos
903 2636 1052 2682 licuit.
1108 2650 1251 2694 supra
1280 2650 1364 2681 nos
1397 2638 1469 2681 est
1498 2637 1570 2690 A;
1606 2635 1742 2680 verba
1776 2647 1919 2690 supra

220 2712 304 2742 nos
327 2698 465 2743 licuit
479 2699 670 2754 punctis
691 2703 853 2744 notata
869 2702 1108 2754 praeterea
1131 2697 1255 2742 linea
1271 2697 1529 2754 perforavit
1544 2693 1614 2740 A*
1627 2693 1644 2754 ΙΙ
1666 2693 1725 2738 10
1748 2693 1919 2738 lentior

220 2758 265 2801 L
295 2763 348 2803 ut
376 2758 490 2817 volq.
514 2757 666 2802 lenior
688 2759 734 2802 A
764 2758 780 2817 Η
811 2757 867 2802 17
893 2755 1250 2813 obiurgandisse
1283 2757 1490 2801 dedisset
1519 2760 1571 2799 ut
1592 2754 1683 2798 vid.
1708 2753 1778 2798 A¹
1801 2767 1916 2799 corr.

220 2817 290 2860 A⁵
318 2817 335 2875 Η
364 2818 422 2862 21
455 2819 618 2862 contra
648 2819 816 2874 potens
845 2818 1003 2862 Muret
1034 2817 1282 2860 contranos
1312 2818 1479 2872 potens
1503 2816 1548 2859 A
1579 2813 1595 2872 ΙΙ
1625 2813 1684 2857 22
1716 2813 1916 2870 consipi-

220 2890 322 2919 mus
358 2877 541 2923 Gronov
573 2882 614 2922 et
644 2877 841 2935 Bentley
872 2875 1183 2931 conspicimus
1208 2877 1252 2919 A

1957 865 2000 898 10

1957 1237 1998 1270 15

1956 1610 2000 1642 20

1954 1981 1997 2015 25
