2034 3086
308 58 392 103 AD
424 55 708 103 MARCIAM
738 56 820 101 DE
852 53 1314 102 CONSOLA'I'IONE
1346 52 1474 99 OAP.
1499 58 1569 99 25.
1596 58 1652 99 26
1725 55 1828 110 191

137 183 426 266 cognatum
463 183 546 234 est
575 210 646 218 —
678 177 913 248 adplicat
951 177 1054 232 sibi
1089 194 1231 232 nova
1263 175 1385 229 luce
1422 175 1743 247 gaudentem
1778 178 1833 228 et
1927 188 1931 194 “

135 256 436 309 vicinorum
491 253 726 308 siderum
775 255 982 306 meatus
1031 251 1210 320 docet,
1262 268 1364 304 nec
1411 269 1478 304 ex
1526 249 1834 305 coniectura

136 329 228 383 sed
275 330 516 383 omnium
565 346 631 382 ex
675 345 801 381 vero
839 327 1044 397 peritus
1080 327 1140 380 in
1174 342 1368 380 arcana
1402 328 1624 378 naturae
1659 323 1832 377 libens

136 404 307 474 ducit3
365 406 532 473 utque
599 402 908 486 ignotarum
966 401 1182 455 urbium
1241 401 1570 453 monstrator
1628 398 1834 468 hospiti

61 495 83 529 s
135 482 320 550 gratus
359 481 463 547 est,
498 477 577 530 ita
613 475 908 530 sciscitanti
945 475 1252 530 caelestium
1291 490 1478 527 causas
1509 473 1833 527 domesticus

134 553 411 623 interpres.
486 554 540 605 et
587 550 646 604 in
693 549 963 620 profunda
1005 553 1267 604 terrarum
1312 547 1621 618 permittere
1665 547 1834 602 aciem

138 628 293 697 iubet3
336 627 487 680 iuvat
524 625 667 679 enim
707 643 774 678 ex
811 625 922 678 alto
960 625 1147 678 relicta
1183 623 1460 692 respicere.
1537 622 1615 677 sic
1651 622 1834 692 itaque

134 706 213 772 te,
259 701 482 769 Marcia,
533 718 680 771 gere,
731 702 1009 769 tamquam
1063 699 1162 753 sub
1216 697 1386 752 oculis
1435 697 1603 767 patris
1648 696 1835 766 filique

134 777 334 862 posita,
380 793 493 829 non
540 775 782 843 illorum,
833 792 968 844 quos
1017 789 1267 841 noveras,
1319 771 1413 826 sed
1460 774 1612 826 tanto
1667 770 1835 825 excel·

67 869 107 901 ιο
135 852 338 905 siorum
388 853 443 904 et
489 849 548 903 in
592 866 804 903 summo
849 850 1164 903 locatorum.
1250 847 1500 901 erubesce
1546 846 1833 917 quicquam

134 926 339 979 humile
376 928 470 978 aut
506 924 726 996 volgare
763 925 986 992 coyitare
1021 926 1076 976 et
1112 924 1349 976 mutatos
1386 922 1445 975 in
1481 921 1673 975 melius
1710 924 1835 975 tuos

135 1000 284 1054 flere!
371 1002 706 1054 aeternarum
761 1017 941 1052 rerum
994 1016 1091 1068 per
1140 997 1309 1051 libera
1361 999 1415 1050 et
1462 998 1615 1050 vasta
1663 994 1838 1066 spatia

138 1075 343 1129 dimissi
371 1074 412 1143 ¹1·
439 1092 552 1128 non
588 1074 712 1127 illos
750 1073 1011 1127 interfusa
1047 1072 1217 1126 maria
1253 1071 1562 1126 discludunt
1590 1088 1690 1125 nec
1720 1069 1837 1124 alti·

134 1150 267 1204 tudo
316 1149 584 1203 montium
632 1152 727 1202 aut
769 1148 945 1202 inviae
989 1147 1155 1200 valles
1202 1149 1296 1201 aut
1340 1146 1663 1201 incertarum
1701 1144 1839 1199 vada

64 1241 105 1275 1⁶
136 1222 400 1294 Syrtium.
437 1223 477 1292 †
515 1223 752 1278 omnium
801 1223 964 1307 plana
1010 1225 1063 1275 et
1107 1240 1175 1275 ex
1210 1220 1358 1275 facili
1395 1220 1621 1274 mobiles
1660 1223 1714 1274 et
1751 1238 1838 1274 ex—

134 1299 302 1369 pediti
348 1301 403 1352 et
445 1298 505 1352 in
540 1298 713 1353 vicem
750 1297 922 1368 pervii
959 1300 1085 1350 sunt
1122 1295 1525 1365 intermixtique
1563 1294 1837 1348 sideribus.

284 1385 479 1442 XXVI.
541 1386 681 1441 Puta
728 1387 910 1456 itaque
956 1404 1022 1439 ex
1065 1386 1160 1439 illa
1204 1402 1324 1439 arce
1370 1385 1586 1439 caelesti
1630 1386 1838 1454 patrem

135 1467 315 1532 tuum,
372 1461 598 1531 Marcia,
655 1460 759 1532 [et]
820 1461 908 1516 cui
963 1463 1175 1514 tantum
1223 1461 1356 1531 aput
1402 1462 1457 1513 te
1506 1458 1839 1513 auctoritatis

138 1542 252 1592 erat
289 1540 550 1608 quantum
587 1536 689 1590 tibi
726 1539 858 1605 aput
894 1535 1069 1589 filium
1107 1538 1286 1604 tuum,
1321 1552 1434 1588 non
1470 1533 1566 1588 illo
1605 1533 1840 1606 ingeniO,

285 1743 317 1789 4
346 1745 631 1789 monstrator
653 1754 681 1788 ς
717 1743 1004 1788 monstratus
1028 1742 1136 1787 AF
1165 1742 1170 1801 Ι
1221 1741 1252 1787 6
1289 1741 1414 1787 inter
1442 1742 1623 1799 prestet
1652 1740 1704 1785 in
1733 1754 1840 1797 pro-

137 1802 372 1849 fundaA¹
393 1805 811 1861 (tetpostsaems.)
840 1803 856 1862 ΙΙ
889 1802 914 1848 7
938 1801 1072 1846 iubet
1191 1802 1262 1848 idi
1283 1802 1359 1859 (cf.
1377 1801 1485 1847 adn.
1501 1800 1839 1857 Henseiadep

131 1867 280 1921 p.,79
294 1866 372 1920 22)
403 1863 536 1908 iuvat
559 1864 691 1909 Koch
719 1862 854 1908 lubet
884 1864 938 1908 Ρ.
969 1863 1191 1917 Thomas;
1219 1862 1498 1920 permittent
1529 1861 1679 1905 aciem
1705 1859 1842 1906 Gertz

140 1924 224 1967 aut
252 1923 304 1968 in
332 1922 451 1980 prof.
476 1925 585 1968 terr.
610 1923 884 1981 permittere
916 1922 1066 1967 aciem
1097 1922 1230 1967 iuvat
1259 1922 1309 1967 et
1338 1921 1450 1966 inde
1482 1934 1539 1965 ex
1569 1920 1797 1966 Schultess
1832 1920 1836 1978 Ι

140 1982 379 2040 despicere
421 1983 475 2028 Ρ.
516 1984 714 2029 Thomas
753 1983 770 2042 ΙΙ
810 1982 840 2027 9
878 1981 1104 2027 excelsior
1105 1980 1265 2042 umls
1295 1981 1330 2026 7
1370 1981 1421 2026 in
1452 1993 1632 2025 summo
1665 1979 1841 2025 locato-

139 2056 243 2087 rum
265 2044 312 2088 A
336 2042 371 2087 7
394 2048 504 2100 post
524 2056 739 2088 rasuram
763 2048 807 2088 et
828 2042 1001 2111 (locato
1021 2056 1123 2085 rum
1150 2055 1186 2087 s.
1210 2055 1251 2087 v.
1274 2041 1383 2088 add.
1408 2038 1480 2086 A¹
1499 2040 1516 2096 ΙΙ
1539 2039 1597 2085 10
1621 2038 1841 2085 erubesce

141 2102 192 2148 F
215 2107 259 2147 et
277 2102 392 2162 υο19.
416 2100 639 2148 erubesco
661 2103 709 2148 A
730 2102 748 2162 ΙΙ
779 2102 835 2147 11
861 2101 989 2146 hum‘
1013 2100 1071 2160 ess
1093 2102 1222 2158 (eras.
1245 2103 1310 2160 m)
1335 2102 1382 2148 A
1409 2100 1415 2160 Ι
1444 2099 1654 2158 cogitare
1678 2099 1844 2145 addidi

140 2161 316 2207 humile
361 2164 517 2207 mente
564 2162 773 2220 cogitare
819 2163 868 2207 et
913 2162 1023 2207 olim
1067 2160 1315 2218 Schultess,
1361 2161 1443 2219 qai
1486 2174 1612 2206 nwnc
1663 2158 1841 2204 humile

141 2224 298 2267 memte
321 2221 531 2268 volutare
554 2224 605 2267 et
626 2223 848 2279 proponit
877 2220 1098 2266 erubesce
1129 2219 1260 2278 loqui
1283 2221 1423 2268 Gertz
1452 2219 1643 2278 volgare
1668 2218 1841 2265 sentire

143 2282 197 2326 P.
230 2281 423 2328 Thomas
450 2283 468 2341 ΙΙ
497 2281 557 2327 12
586 2280 708 2327 flere.
738 2282 744 2335 1
779 2283 1047 2351 etei-narum
1078 2293 1233 2326 rerum
1261 2294 1349 2340 per
1379 2279 1577 2325 liberam
1610 2280 1658 2324 et
1686 2280 1839 2324 uasta.

141 2341 300 2398 spatia
330 2341 511 2387 dimissi
533 2341 602 2387 A¹
633 2341 836 2399 quodm
875 2340 998 2386 flere.
1035 2342 1040 2397 Ι
1076 2342 1240 2386 eterna
1275 2354 1432 2387 rerum
1469 2353 1599 2397 per
1600 2338 1752 2384 libera
1794 2340 1843 2383 et

140 2402 293 2447 uasta.
353 2402 510 2459 spatia
547 2400 729 2446 dimissi
767 2414 880 2446 corr.
913 2399 984 2446 A‘
998 2401 1055 2458 (ἲ)
1099 2399 1222 2446 flere.
1278 2400 1331 2446 in
1370 2402 1532 2446 eterna
1570 2412 1724 2444 rerum
1757 2411 1842 2456 per

143 2459 294 2505 libera
335 2463 385 2506 et
423 2462 563 2506 uasta
605 2461 762 2519 spatia
805 2460 1022 2505 dimissos
1053 2460 1105 2506 F
1129 2465 1172 2505 et
1201 2460 1315 2520 υοῑ9.
1357 2461 1656 2505 aeternarum
1686 2470 1842 2503 rerum

142 2519 284 2577 potiti
325 2534 412 2578 per
457 2519 487 2566 l.
513 2533 551 2565 e.
575 2535 616 2565 v.
642 2534 711 2579 sp.
745 2519 927 2565 dimissi
966 2521 1096 2574 ιιιιιις
1138 2533 1233 2564 ιιοιι
1270 2519 1407 2567 Gertz
1453 2520 1646 2565 aeterna
1687 2530 1842 2563 rerum

142 2593 188 2636 p.
213 2579 243 2624 l.
268 2593 307 2625 e.
331 2594 372 2625 v
398 2594 467 2638 sp.
494 2580 727 2626 dimensos
758 2594 853 2626 ιιοιι
882 2579 989 2625 illos
1020 2579 1248 2626 Schultess
1285 2578 1304 2641 ΙΙ
1346 2578 1405 2625 15
1436 2578 1596 2624 omniu
1625 2577 1773 2635 plana
1796 2578 1843 2623 A

143 2639 303 2684 omnia
339 2639 485 2698 plana
514 2640 596 2686 Fe
639 2640 855 2686 tranites
892 2638 1026 2698 plani
1065 2639 1152 2685 alii
1190 2649 1220 2684 s·
1258 2639 1384 2685 nonde
1424 2638 1640 2684 tramites
1683 2637 1843 2684 omnia

143 2696 275 2755 plani
316 2700 430 2770 9919.
466 2699 574 2746 inde
605 2714 636 2745 a
673 2701 858 2746 Mus-eto
902 2699 1117 2745 tramites
1159 2698 1319 2745 omnia
1364 2700 1414 2745 et
1492 2698 1603 2743 lana
1643 2697 1844 2768 Madviq

144 2758 303 2803 omnia
347 2759 513 2805 ineunt
556 2758 703 2817 plana
741 2760 874 2805 Koch
918 2758 1077 2805 omnia
1121 2757 1190 2804 ibi
1235 2757 1381 2816 plana
1466 2764 1559 2805 erte
1604 2756 1843 2829 omnivagi

145 2816 366 2874 planetae
408 2832 465 2864 ex
507 2818 597 2865 sac.
633 2819 859 2865 Schultess
897 2819 915 2877 11
960 2818 1019 2864 16
1054 2830 1168 2876 per
1175 2817 1339 2864 uisunt
1368 2817 1437 2865 A²
1466 2832 1581 2865 corr.
1607 2819 1659 2863 in
1688 2816 1842 2875 peruii

146 2880 256 2922 sunt
278 2878 348 2923 A'
376 2880 393 2937 ῑΙ
423 2878 482 2924 18
505 2879 580 2924 cui
606 2890 633 2923 s·
663 2884 704 2924 et
726 2879 838 2937 vola.
865 2882 914 2924 et
937 2878 1013 2923 cui
1037 2879 1081 2924 A
1114 2876 1247 2923 cuius
1270 2878 1322 2925 F
