2028 3106
228 84 339 138 354
546 83 595 126 L.
621 82 859 127 ANNAEI
890 82 1164 128 SENECAE
1197 83 1355 130 DIAL.
1381 86 1492 132 LIB.
1517 87 1615 132 XII.

228 204 470 257 omnium
517 203 730 256 adiutus
777 204 994 274 ingenio
1034 205 1127 258 vix
1164 209 1346 260 tamen
1383 207 1608 276 invenit,
1656 210 1926 276 quomodo

168 291 194 330 5
226 278 391 331 trium
436 278 836 347 provinciarum
882 279 1146 332 tributum
1191 299 1300 334 una
1346 299 1475 334 cena
1520 282 1682 335 fieret.
1762 301 1792 335 o
1833 285 1928 337 mi-

227 353 502 421 serabiles,
542 371 771 422 quorum
809 353 1051 422 palatum
1089 355 1195 407 nisi
1234 356 1301 408 ad
1338 355 1600 425 pretiosos
1640 356 1787 410 cibos
1818 376 1930 413 non

227 427 510 479 excitatur!
587 427 852 496 pretiosos
915 431 1095 482 autem
1155 448 1268 483 non
1328 430 1552 483 eximius
1615 448 1775 499 sapor
1836 437 1929 486 aut

227 502 408 570 aliqua
456 501 693 554 faucium
744 501 970 556 dulcedo
1023 503 1114 557 sed
1164 505 1355 557 raritas
1402 508 1456 558 et
1503 505 1792 558 difficultas
1838 525 1929 575 pa·
1982 527 2002 560 ⁵

224 576 378 629 randi
416 575 559 629 facit.
637 575 863 646 alioqui,
903 578 950 630 si
988 578 1056 630 ad
1095 596 1279 631 sanam
1315 580 1423 632 illis
1455 582 1688 633 mentem
1719 580 1930 649 placeat
2011 626 2014 628 ,

225 651 446 717 reverti,
496 649 623 719 quid
664 668 801 720 opus
841 654 924 705 est
960 655 1044 704 tot
1082 653 1286 706 artibus
1326 654 1500 707 ventri
1539 653 1931 708 servientibus?
2026 670 2028 674 ’

226 723 356 793 quid
423 725 774 778 mercaturis?
863 726 994 795 quid
1062 728 1362 781 vastatione
1431 727 1725 782 silvarum?
1800 729 1930 797 quid

223 799 480 868 profundi
510 800 971 868 perscrutatione?
1046 802 1247 870 passim
1279 803 1455 856 iacent
1487 804 1760 873 alimenta,
1795 821 1930 871 quae

222 891 401 926 rerum
447 877 641 927 natura
687 875 936 928 omnibus
974 876 1108 928 locis
1149 876 1438 959 disposuit,
1485 878 1576 931 sed
1613 878 1746 931 haec
1782 878 1931 931 velut
1962 898 2005 931 ιο

223 949 368 1002 caeci
412 951 694 1003 transeunt
732 953 787 1003 et
826 967 1009 1003 omnes
1049 951 1296 1034 regiones
1334 956 1717 1023 pervagantur,
1763 953 1931 1006 maria

222 1024 479 1077 traiciunt
516 1027 593 1093 et,
631 1042 754 1078 cum
793 1024 990 1077 famem
1021 1025 1216 1095 exiguo
1249 1028 1460 1095 possint
1491 1027 1694 1096 sedare,
1733 1046 1928 1098 magno

164 1111 190 1150 6
223 1095 462 1152 inritant.
537 1098 673 1152 libet
734 1099 930 1153 dicere.
994 1099 1149 1168 quid
1212 1100 1472 1155 deducitis
1526 1100 1724 1155 naves?
1801 1102 1929 1171 quid

222 1191 412 1226 manus
453 1176 508 1226 et
546 1173 799 1227 adversus
839 1174 978 1227 feras
1018 1177 1073 1227 et
1111 1174 1365 1229 adversus
1397 1177 1640 1229 homines
1674 1175 1930 1230 armatis?

222 1248 353 1317 quid
391 1251 543 1301 tanto
583 1249 823 1301 tumultu
863 1248 1200 1303 discurritis?
1277 1251 1407 1320 quid
1448 1270 1575 1320 opes
1617 1251 1808 1320 opibus
1841 1251 1929 1304 ad·
1962 1269 2003 1303 15

220 1322 445 1392 geritis?
519 1341 632 1376 non
678 1324 841 1376 voltis
890 1323 1151 1394 cogitare,
1205 1343 1366 1393 quam
1412 1344 1578 1395 parva
1623 1326 1776 1379 vobis
1817 1343 1930 1379 cor-

219 1415 353 1466 pora
392 1397 536 1450 sint?
610 1415 790 1450 nonne
828 1397 980 1450 furor
1018 1401 1072 1451 et
1108 1398 1332 1454 ultimus
1364 1401 1623 1453 mentium
1655 1418 1802 1453 error
1832 1404 1930 1469 est,

220 1489 345 1524 cum
391 1474 502 1524 tam
543 1472 799 1542 exiguum
839 1472 1019 1542 capias
1029 1513 1044 1540 ,
1090 1491 1284 1543 cupere
1323 1474 1593 1527 multum?
1666 1475 1794 1528 licet
1831 1475 1929 1527 ita-

221 1564 323 1615 que
394 1546 633 1617 augeatis
703 1565 917 1616 censue,
985 1549 1346 1616 promoveatis
1409 1550 1564 1604 fines:
1632 1568 1927 1619 numquam

219 1624 400 1674 tamen
462 1639 688 1690 corpora
748 1625 926 1675 vestra
986 1623 1253 1676 laxabitis.
1332 1641 1455 1677 cum
1515 1625 1647 1677 bene
1709 1625 1928 1678 cesserit
1959 1642 2002 1676 ιο

219 1696 542 1766 negotiatio,
602 1696 835 1748 multum
897 1697 1093 1771 militia
1152 1698 1442 1767 rettulerit,
1505 1717 1628 1752 cum
1687 1699 1927 1770 indagati

220 1770 456 1840 undique
488 1764 881 1839 cibscbiermt
896 1769 1007 1825 non
1030 1759 1320 1841 habebitis,
1350 1740 1443 1826 ubi
1474 1774 1606 1827 istos
1638 1777 1926 1844 apparatus

164 1857 187 1896 7
220 1848 427 1899 vestros
459 1846 766 1899 conlocetis.
823 1846 951 1914 quid
982 1849 1094 1899 tam
1118 1847 1290 1899 multa
1313 1848 1668 1916 conquiritis?
1723 1849 1928 1902 scilicet

221 1919 449 1974 maiores
496 1920 693 1986 nostri,
742 1939 971 1990 quorum
1017 1921 1188 1975 virtus
1229 1921 1536 1976 etiamnunc
1573 1923 1706 1975 vitia
1742 1926 1928 1976 nostra

222 1996 511 2064 sustentat,
556 1995 796 2049 infelices
836 1998 1007 2063 erant,
1057 1996 1150 2064 qui
1189 1996 1293 2049 sibi
1331 2015 1495 2050 manu
1534 2015 1629 2054 sua
1667 1997 1927 2066 parabant
1957 2013 2028 2055 25,

221 2069 424 2137 cibum,
464 2069 657 2138 quibus
696 2073 839 2123 terra
871 2070 1046 2124 cubile
1079 2073 1212 2140 erat,
1254 2089 1480 2140 quorum
1514 2075 1654 2125 tecta
1684 2071 1924 2125 nondum
2020 2124 2022 2132 ,

221 2162 351 2196 auro
391 2143 696 2215 fulgebant,
742 2163 972 2214 quorum
1010 2146 1213 2214 templa
1249 2147 1490 2199 nondum
1530 2146 1754 2217 gemmis
1792 2146 1926 2200 nite-

220 2219 374 2271 bant:
412 2218 595 2287 itaque
634 2222 765 2273 tunc
803 2238 899 2289 per
937 2219 1131 2274 fictiles
1172 2220 1298 2274 deos
1338 2221 1586 2291 religiose
1625 2221 1925 2290 iurabatur3

223 2292 317 2362 qui
347 2293 470 2346 illos
502 2294 905 2363 invocaverant,
937 2295 1004 2347 ad
1035 2294 1247 2348 hostem
1271 2295 1539 2364 morituri,
1570 2314 1638 2349 ne
1661 2296 1925 2365 fallerent,

163 2378 189 2418 8
222 2367 480 2421 redibant.
558 2368 762 2422 scilicet
801 2369 977 2423 minus
1016 2370 1168 2423 beate
1207 2370 1421 2422 vivebat
1459 2370 1689 2424 dictator
1726 2375 1925 2440 noster,
1955 2387 1998 2419 30
2027 2396 2028 2439 j

224 2442 316 2511 qui
357 2440 682 2495 Samnitium
728 2444 936 2514 legatos
985 2444 1156 2512 audit,
1204 2462 1325 2497 cum
1372 2444 1695 2498 vilissimum
1743 2445 1922 2499 cibum

222 2517 279 2570 in
324 2517 445 2570 foco
493 2516 608 2587 ipse
654 2536 817 2571 manu
865 2538 960 2572 sua
1005 2522 1262 2587 versaret,
1306 2518 1422 2588 illa,
1468 2538 1575 2589 qua
1620 2520 1726 2573 iam
1767 2539 1923 2590 saepe

371 2722 400 2767 5
441 2723 651 2768 faucium
693 2724 808 2781 υοῖ9.
851 2724 981 2769 fauci
1004 2726 1050 2770 A
1091 2725 1106 2784 ΙΙ
1147 2725 1177 2768 6
1215 2724 1309 2768 illis
1347 2725 1460 2782 voly.
1501 2725 1573 2769 illi
1597 2726 1643 2771 A
1681 2726 1697 2785 Η
1739 2725 1767 2770 8
1807 2726 1920 2782 quid
2014 2719 2028 2776 f

223 2783 497 2827 mercaturis
529 2785 643 2841 υοῖ9.
676 2784 802 2840 quod
833 2787 1069 2829 mereatur
1090 2786 1130 2828 is
1155 2786 1200 2830 A
1230 2784 1246 2843 Η
1275 2784 1334 2828 20
1357 2784 1579 2831 laxabitis
1602 2785 1670 2830 A⁵
1697 2788 1702 2843 1
1731 2786 1922 2830 cesserit
2019 2810 2028 2847 ³.

221 2844 334 2901 υοῑ9.
382 2843 581 2900 gesserit
615 2844 660 2888 A
705 2843 721 2902 Η
766 2842 824 2887 21
871 2844 1114 2900 multaque
1160 2839 1292 2888 milia
1337 2846 1443 2890 rett.
1488 2847 1603 2890 coni.
1642 2846 1872 2891 Matthiae
1906 2845 1922 2904 Η
2015 2848 2028 2903 ¹:

223 2901 282 2947 28
311 2902 473 2959 itaque
497 2903 543 2948 A
576 2903 709 2960 atqui
739 2904 910 2949 mavolt
942 2904 1077 2950 Gertz
2015 2912 2021 2935 ”
