2028 3106
86 865 129 897 10

84 1233 127 1268 15

83 1975 127 2010 25

343 56 428 100 AD
460 53 816 101 GALLIONEM
843 56 922 101 DE
956 56 1101 102 VITA
1132 55 1335 101 ΒΕΑΤΑ
1367 55 1495 102 CAP.
1523 62 1590 104 11.
1619 61 1672 101 12
1749 56 1858 110 207

162 181 217 231 et
245 179 455 230 tantum
487 176 866 231 acerrimorum
896 174 1159 244 hostium,
1188 193 1220 228 a
1249 178 1361 228 tam
1384 175 1536 228 molli
1559 175 1858 229 adversario

162 250 374 305 victus?
448 249 731 321 ‘quicquid
769 249 1019 319 voluptas
1059 249 1286 303 suaserit
1321 247 1514 303 faciet?
1592 266 1710 319 age,
1749 268 1861 303 non

161 325 309 380 vides
349 344 511 396 quam
549 324 720 378 multa
758 341 978 377 suasura
1028 323 1134 377 sit?
1196 321 1383 376 ‘nihil'
1421 324 1598 394 inquit
1637 322 1862 392 ‘poterit

161 401 392 471 turpiter
430 399 671 467 suadere,
710 398 836 467 quia
874 398 1125 451 adiuncta
1161 396 1350 451 virtuti
1388 398 1501 451 est?
1564 416 1676 452 non
1711 396 1860 451 vides

162 474 376 543 iterum,
432 473 588 543 quale
637 472 708 526 sit
754 490 1024 527 summum
1068 472 1293 541 bonum,
1348 471 1436 532 cui
1466 472 1685 528 custode
1725 488 1860 540 opus

161 553 266 619 est,
302 552 364 602 ut
400 548 602 601 bonum
641 546 747 601 sit?
805 547 976 600 virtus
1016 549 1195 600 autem
1226 545 1498 618 quomodo
1529 547 1861 618 voluptatem

159 626 335 694 reget,
384 640 546 692 quam
595 622 859 692 sequitur,
910 639 1034 675 cum
1073 622 1225 692 sequi
1261 620 1498 692 parentis
1538 623 1628 692 sit,
1678 638 1861 693 regere

160 697 511 767 imperantis?
584 716 616 751 a
663 699 818 767 tergo
869 695 1026 765 ponis
1067 697 1211 766 quod
1249 693 1512 766 imperat?
1586 694 1861 768 egregium

161 775 339 826 autem
407 772 571 826 habet
641 771 813 823 virtus
882 773 1014 840 aput
1076 789 1173 825 vos
1243 771 1485 825 officium
1557 772 1860 841 voluptates

159 847 526 918 praegustare!
603 844 695 898 sed
743 844 1057 915 videbimus,
1104 864 1194 915 an,
1241 848 1373 916 aput
1412 862 1547 914 quos
1585 847 1697 899 tam
1738 863 1862 900 con-

159 922 443 974 tumeliose
488 921 717 973 tractata
760 919 931 973 virtus
982 923 1086 989 est,
1139 919 1315 974 adhuc
1363 920 1534 973 virtus
1586 919 1677 988 sit,
1726 937 1862 990 quae

157 995 355 1048 habere
383 1009 583 1047 nomen
613 1011 769 1048 suum
799 1012 912 1048 non
942 996 1142 1063 potest,
1183 994 1228 1047 si
1258 994 1379 1048 loco
1413 992 1594 1061 cessit3
1633 993 1861 1063 interim,

158 1068 224 1122 de
264 1086 371 1137 quo
410 1068 611 1140 agitur,
649 1069 848 1122 multos
889 1068 1167 1122 ostendam
1204 1067 1571 1138 voluptatibus
1603 1066 1861 1138 obsessOS‚

158 1143 217 1195 in
248 1160 383 1212 quos
413 1142 631 1196 fortuna
654 1142 836 1196 omnia
859 1160 1081 1195 munera
1112 1160 1208 1195 sua
1239 1142 1446 1212 effudit,
1488 1158 1622 1211 quos
1646 1141 1861 1196 fatearis

158 1235 373 1271 necesse
419 1221 502 1271 est
553 1217 738 1270 malos.
816 1216 995 1285 aspice
1040 1215 1445 1270 Nomentanum
1495 1219 1548 1269 et
1594 1214 1861 1287 Apicium,

157 1294 419 1345 terrarum
470 1309 533 1345 ac
570 1291 756 1358 maris,
805 1292 867 1342 ut
904 1290 996 1343 isti
1036 1293 1249 1361 vocant,
1299 1292 1442 1345 bona
1480 1291 1862 1359 concoquentis

158 1369 213 1418 et
287 1384 449 1434 super
511 1382 752 1418 mensam
819 1366 1251 1436 recognoscentis
1318 1366 1559 1420 omnium
1621 1363 1863 1436 gentium

158 1439 433 1509 animalia3
482 1438 604 1492 vide
656 1439 756 1493 hos
805 1439 1021 1493 eosdem
1070 1440 1129 1493 in
1167 1443 1425 1512 suggestu
1461 1458 1615 1494 rosae
1654 1438 1864 1508 despec-

156 1514 322 1567 tantis
368 1513 625 1584 popinam
671 1532 845 1584 suam,
899 1533 1052 1568 aures
1091 1532 1285 1569 vocum
1337 1533 1493 1584 senc,
1545 1513 1863 1584 spectaculis

157 1588 365 1658 oculos,
417 1588 698 1658 saporibus
737 1589 979 1658 palatum
1019 1607 1177 1642 suum
1215 1589 1561 1658 delectantes3
1607 1587 1862 1642 mollibus

154 1663 471 1733 lenibusque
536 1663 789 1718 fomentis
852 1666 1029 1716 totum
1086 1663 1367 1718 lacessitur
1425 1681 1611 1717 eorum
1667 1680 1862 1732 corpus

156 1741 233 1806 et,
284 1756 353 1792 ne
398 1756 553 1792 nares
593 1738 809 1791 interim
849 1740 1079 1807 cessent,
1132 1738 1384 1792 odoribus
1424 1738 1585 1791 variis
1624 1737 1864 1792 inficitur

154 1812 306 1866 locus
360 1812 500 1882 ipse,
548 1812 605 1866 in
655 1830 762 1881 quo
812 1811 1056 1866 luxuriae
1110 1816 1434 1883 parentatur.
1512 1811 1612 1866 hos
1651 1830 1765 1867 esse
1803 1813 1863 1866 in

155 1886 525 1955 voluptatibus
565 1886 731 1954 dices,
769 1903 869 1939 nec
906 1889 1087 1941 tamen
1125 1888 1234 1941 illis
1266 1888 1401 1941 bene
1433 1886 1555 1957 erit,
1595 1887 1721 1958 quia
1750 1905 1862 1941 non

156 1959 299 2013 bono
338 1960 587 2030 gaudent.

305 2032 423 2086 XII.
487 2033 678 2087 ‘Male'
724 2033 901 2103 inquit
951 2036 1085 2090 ‘illis
1133 2037 1257 2109 erit,
1312 2036 1440 2105 quia
1486 2037 1658 2090 multa
1700 2035 1862 2089 inter-

156 2106 401 2177 veniunt,
451 2125 586 2176 quae
634 2108 946 2177 perturbent
992 2110 1256 2180 animum,
1304 2113 1358 2164 et
1404 2111 1685 2181 opiniones
1723 2108 1863 2162 inter

158 2199 214 2235 se
275 2181 571 2235 contrariae
630 2185 861 2236 mentem
918 2184 1327 2255 inquietabunt?
1416 2185 1560 2254 quod
1618 2185 1694 2236 ita
1747 2201 1861 2238 esse

308 2326 335 2372 1
369 2339 399 2371 a
427 2328 528 2371 tam
558 2327 691 2372 molli
715 2329 875 2376 Ματρί
916 2344 979 2376 an
1008 2331 1141 2377 molli
1165 2333 1210 2376 A
1245 2331 1263 2392 Η
1299 2331 1330 2377 2
1366 2331 1503 2378 verba
1577 2330 1771 2388 uicquid
1804 2367 1813 2377 .
1849 2366 1858 2376 .

158 2386 306 2432 faciet
327 2387 593 2433 adversario
616 2388 777 2434 tribuit
799 2390 1108 2436 Reitzenstein
1130 2390 1147 2451 ΙΙ
1169 2391 1199 2436 5
1223 2390 1466 2436 custodem
1484 2390 1527 2434 A
1549 2389 1554 2449 Ι
1588 2389 1647 2434 15
1669 2404 1860 2436 nomen-

157 2451 321 2493 tamwm
356 2446 424 2492 Αβ
465 2446 471 2506 Ι
514 2445 552 2491 81
584 2446 772 2504 apicum
797 2452 840 2494 A
871 2464 984 2497 corr.
1010 2451 1125 2509 volq.
1164 2450 1181 2512 ΙΙ
1222 2450 1283 2496 16
1320 2449 1652 2507 concoquentis
1677 2451 1719 2495 A
1752 2464 1861 2496 con·

158 2507 398 2563 quirentes
428 2506 544 2565 voly.
573 2504 592 2566 ΙΙ
621 2505 679 2552 18
709 2508 896 2555 eosdem
928 2524 954 2556 e
985 2510 1054 2568 (in
1080 2510 1234 2569 Gertz)
1265 2511 1492 2569 suggestu
1514 2523 1648 2555 rosae
1675 2509 1860 2556 Gronov

159 2565 480 2624 despectantis
518 2565 654 2611 Gertz
698 2579 776 2613 eos
819 2569 1010 2615 demens
1050 2569 1643 2630 accessurossssspectantjs
1679 2569 1747 2615 A²
1788 2578 1863 2627 (ex

157 2627 307 2673 m‘bue
335 2627 500 2674 litteris
528 2627 674 2672 erasis
704 2629 861 2686 prima
894 2631 994 2676 eim
1023 2630 1164 2677 dubio
1194 2643 1221 2691 e
1250 2631 1365 2687 fuit,
1396 2629 1517 2676 duae
1545 2631 1750 2688 reliquae
1778 2634 1862 2675 aut

157 2683 212 2729 In
242 2692 326 2732 aad
347 2689 508 2746 potius
538 2685 597 2731 de
625 2686 836 2745 fument,
859 2704 954 2735 non
981 2692 1056 2748 ex)
1086 2705 1212 2737 nume
1233 2692 1466 2749 emptum-a
1488 2691 1546 2736 ab
1572 2690 1639 2734 A⁶
1660 2694 1861 2736 correcta

156 2743 269 2791 haec
298 2752 386 2793 est.-
423 2746 611 2793 eosdem
644 2747 694 2791 et
723 2760 1015 2795 successuros
1046 2752 1276 2808 expectan
1303 2749 1340 2794 ‘s
1373 2749 1403 2855 a
1437 2748 1497 2795 19
1528 2748 1786 2811 [suo-‘cum
1815 2752 1861 2795 A

159 2805 291 2861 (erae.
315 2806 423 2862 fort.
455 2808 478 2852 t
506 2820 602 2853 non
632 2807 672 2864 ι)
701 2805 719 2867 ΙΙ
754 2806 815 2853 28
843 2808 929 2854 hos
959 2810 1073 2868 0019.
1105 2809 1196 2855 hoc
1220 2812 1262 2855 A
1303 2810 1310 2871 Ι
1342 2808 1372 2855 2
1431 2810 1556 2855 inter
1585 2807 1784 2854 ueniunt
1816 2811 1860 2855 A

158 2864 263 2909 ·ent
295 2863 443 2911 Gertz.
475 2866 561 2922 cfr.
586 2866 908 2915 Hammelrath
939 2870 1101 2928 Proqr.
1128 2869 1391 2916 Emmerich
1423 2873 1541 2916 1895
1567 2882 1616 2925 p.
1641 2870 1671 2913 6
