2028 3106
235 84 348 138 304
576 85 627 129 L.
652 83 890 128 ANNAEI
922 83 1196 130 SENECAE
1227 85 1386 131 DIAL.
1410 87 1522 133 LIB.
1547 87 1602 132 X.

235 205 527 259 consistere
576 206 634 259 in
683 225 792 259 una
841 206 1134 276 cupiditate
1183 226 1295 261 non
1339 213 1581 278 possunt.
1657 230 1768 266 non
1815 218 1940 267 sunt

233 279 342 334 illis
395 280 549 351 longi
602 280 736 349 dies,
792 282 884 334 sed
933 281 1115 351 invisi3
1170 286 1226 336 at
1273 286 1461 337 contra
1508 302 1668 354 quam
1715 288 1938 359 exiguae

231 358 418 409 noctes
455 355 726 424 videntur,
767 373 898 424 quas
938 357 995 409 in
1034 358 1301 426 conplexu
1340 361 1640 413 scortorum
1681 365 1773 415 aut
1808 364 1937 417 vino

174 441 200 482 5
233 430 478 500 exigunt!
555 429 678 482 inde
725 431 887 483 etiam
930 434 1211 500 poetarum
1250 433 1401 486 furor
1439 434 1635 488 fabulis
1673 436 1936 492 humanos

233 523 437 558 errores
485 504 766 573 alentium,
820 505 1013 574 quibus
1062 506 1210 560 visus
1257 511 1339 561 est
1375 506 1620 578 Iuppiter
1658 512 1935 581 voluptate

168 595 197 631 εκ
232 578 547 633 concubitus
588 579 852 633 delenitus
893 580 1193 649 duplicasse
1230 585 1468 636 noctem:
1509 584 1638 653 quid
1678 585 1823 638 aliud
1856 591 1937 640 est

31 646 34 653 ’
108 642 116 726 ’γ
230 653 362 706 vitia
413 657 600 707 nostra
652 655 934 708 incendere
986 674 1147 724 quam
1198 660 1441 711 auctores
1492 659 1600 712 illis
1648 659 1936 714 inscribere

31 729 41 739 ⁸
84 727 126 794 2¹4
171 727 184 747 ¹³
231 728 357 781 deos
420 732 474 782 et
535 729 660 782 dare
722 730 911 783 morbo
974 731 1220 800 exemplo
1279 731 1575 787 divinitatis
1630 738 1936 789 excusatam

65 808 71 832 ³
118 798 125 813 ³
227 802 538 856 licentiam?
596 807 827 873 possunt
864 805 982 858 istis
1020 823 1132 859 non
1162 806 1506 861 brevissimae
1536 808 1706 862 videri
1736 813 1937 879 nocteS‚

230 895 362 948 quas
412 881 525 932 tam
577 896 695 933 care
745 876 1084 934 mercantur?
1172 881 1314 935 diem
1352 880 1526 937 noctis
1567 885 1936 954 expectatione

227 953 482 1026 perdunt,
520 957 735 1008 noctem
772 955 910 1008 lucis
950 958 1113 1008 metu.

171 1043 194 1082 1
377 1027 548 1083 XVH.
610 1028 765 1099 Ipsae
810 1030 1116 1100 voluptates
1168 1048 1352 1084 eorum
1398 1033 1637 1102 trepidae
1683 1037 1737 1087 et
1774 1035 1935 1089 variis

226 1104 520 1158 terroribus
575 1105 846 1174 inquietae
901 1108 1028 1159 sunt
1081 1105 1331 1175 subitque
1386 1125 1509 1161 cum
1563 1109 1796 1163 maxime
1850 1129 1936 1163 ex-

227 1179 478 1233 sultantis
519 1179 752 1233 sollicita
790 1180 1072 1251 cogitatio:
1112 1180 1269 1235 ‘haec
1309 1199 1469 1251 quam
1509 1183 1664 1236 diuP’
1726 1185 1791 1238 ab
1831 1185 1934 1238 hoc

227 1254 422 1311 affectu
460 1271 613 1325 reges
653 1272 805 1308 suam
845 1255 1038 1309 flevere
1076 1255 1397 1326 potentiam,
1434 1275 1533 1312 nec
1571 1259 1695 1312 illos
1731 1261 1934 1330 magni-

224 1328 356 1382 tudo
404 1329 652 1383 fortunae
699 1348 825 1383 suae
872 1330 1178 1400 delectavit,
1216 1331 1310 1384 sed
1347 1335 1603 1387 venturus
1644 1333 1932 1403 aliquando

167 1417 192 1456 2
222 1403 350 1456 finis
390 1404 662 1457 exterruit.
725 1422 848 1458 cum
887 1423 984 1475 per
1020 1423 1217 1477 magna
1255 1423 1569 1476 camporum
1609 1408 1784 1477 spatia
1812 1427 1935 1478 por-

223 1477 422 1548 rigeret
475 1480 770 1533 exercitum
822 1498 922 1534 nec
973 1499 1258 1534 numerum
1313 1481 1425 1535 eius
1480 1482 1572 1535 sed
1626 1501 1932 1536 mensuram

225 1554 612 1623 conprenderet
664 1553 949 1608 Persarum
1003 1573 1098 1608 rex
1150 1556 1623 1626 insolentissimus,
1683 1557 1930 1612 lacrimas

222 1628 486 1698 profudit,
550 1630 695 1698 quod
756 1629 897 1683 intra
958 1634 1174 1684 centum
1229 1649 1396 1685 annos
1450 1650 1608 1685 nemo
1663 1651 1729 1685 ex
1782 1636 1931 1686 tanta

221 1704 500 1757 iuventute
551 1705 926 1774 superfuturus
978 1708 1138 1759 esset:
1189 1709 1246 1759 at
1293 1707 1401 1760 illis
1452 1707 1766 1761 admoturus
1817 1712 1932 1761 erat

222 1778 394 1831 fatum
434 1779 550 1849 ipse
591 1780 684 1848 qui
715 1780 878 1833 flebat
908 1781 1320 1850 perditurusque
1351 1781 1485 1835 alios
1517 1781 1574 1834 in
1606 1783 1762 1851 mari,
1795 1783 1929 1836 alios

222 1853 280 1906 in
332 1856 496 1923 terra,
551 1855 685 1907 alios
740 1855 969 1924 proelio,
1024 1855 1157 1909 alios
1207 1856 1338 1927 fuga
1388 1860 1442 1909 et
1485 1856 1629 1910 intra
1675 1858 1928 1928 exiguum

221 1930 436 1998 tempus
475 1933 893 1999 consumpturus
932 1930 1080 1999 illos,
1120 1931 1312 1999 quibus
1345 1932 1696 1986 centesimum
1729 1951 1929 1985 annum

164 2016 189 2056 3
221 2003 459 2056 timebat.
554 2004 707 2073 quid,
765 2005 910 2075 quod
963 2005 1160 2077 gaudia
1213 2023 1427 2076 quoque
1482 2025 1666 2060 eorum
1690 2057 1694 2060 ,
1720 2006 1930 2076 trepida

223 2077 385 2131 sunt?
458 2097 571 2132 non
616 2080 760 2132 enim
808 2080 994 2134 solidis
1039 2081 1211 2134 causis
1251 2081 1573 2150 innituntur,
1613 2081 1705 2134 sed
1745 2081 1928 2134 eadem

223 2171 330 2222 qua
380 2153 628 2207 oriuntur
672 2155 908 2208 vanitate
954 2155 1252 2208 turbantur.
1331 2157 1511 2225 qualia
1550 2159 1730 2209 autem
1768 2159 1926 2226 putas

221 2245 336 2281 esse
386 2231 630 2298 tempora
680 2231 842 2283 etiam
888 2231 1130 2299 ipsorum
1177 2230 1511 2284 confessione
1551 2230 1766 2300 misera,
1804 2249 1926 2285 cum

220 2302 352 2356 haec
404 2321 641 2373 quoque,
693 2305 886 2374 quibus
938 2323 994 2358 se
1044 2306 1304 2359 attollunt
1348 2309 1402 2359 et
1447 2324 1607 2375 super
1652 2305 1925 2359 hominem

163 2390 191 2430 4
222 2377 470 2447 efferunt,
518 2397 709 2448 parum
762 2380 967 2436 sincera
1014 2379 1157 2433 sint?
1232 2380 1466 2434 maxima
1506 2378 1747 2449 quaeque
1785 2380 1926 2433 bona

221 2453 454 2506 sollicita
500 2457 627 2506 sunt
671 2473 770 2508 nec
815 2455 916 2507 ulli
957 2454 1204 2508 fortunae
1244 2455 1419 2508 minus
1458 2456 1592 2508 bene
1634 2473 1794 2524 quam
1834 2473 1925 2524 op-

219 2526 381 2581 timae
433 2528 688 2582 creditur:
744 2529 847 2582 alia
895 2529 1152 2583 felicitate
1202 2529 1268 2583 ad
1315 2530 1569 2583 tuendam
1615 2530 1925 2584 felicitatem

369 2675 398 2719 2
421 2675 517 2720 illis
543 2677 704 2721 Muret
733 2676 807 2720 illi
829 2677 875 2722 A
905 2677 922 2737 Η
952 2677 1011 2722 15
1033 2677 1312 2735 magnitudo
1335 2678 1449 2735 voly.
1478 2676 1853 2735 magnitudinem
1877 2678 1923 2721 A

220 2736 273 2780 in
303 2750 391 2792 quo
420 2736 701 2794 magnitudo
733 2736 922 2781 interim
954 2738 1092 2783 latere
1126 2738 1262 2783 Gertz
1291 2739 1554 2794 suspicatur
1582 2737 1600 2796 Η
1634 2737 1689 2782 17
1723 2737 1925 2781 externit

220 2796 267 2841 A
308 2795 324 2854 ΙΙ
369 2795 427 2840 19
469 2796 602 2841 rexin
644 2795 984 2841 solentissimus
1019 2797 1090 2842 A¹
1130 2811 1242 2843 corr.
1280 2811 1337 2842 ex
1377 2797 1498 2841 rexit
1540 2796 1877 2841 solentissimus
1908 2795 1924 2854 Η

220 2855 281 2900 24
312 2859 450 2900 anum
476 2857 523 2901 A
555 2857 800 2915 (virgulam
831 2858 939 2902 add.
963 2858 1064 2902 alia
1093 2859 1170 2914 m.)
1208 2857 1224 2916 ΙΙ
1264 2856 1324 2901 25
1356 2857 1482 2913 quod
1512 2856 1649 2914 A²(?)
1682 2857 1786 2913 quit
1809 2855 1878 2901 A¹
1908 2863 1924 2907 Η

220 2914 278 2960 27
311 2929 405 2972 qua
436 2930 550 2962 corr.
577 2930 633 2961 ex
663 2930 785 2973 quae
808 2918 855 2962 A
885 2917 902 2977 ΙΙ
930 2916 991 2963 30
1022 2917 1302 2962 sincerasint
1324 2917 1394 2963 A¹
1425 2917 1718 2962 sincerasunt
1741 2915 1811 2962 A³

1969 903 2012 936 10

1966 1275 2008 1310 15

1963 1650 2007 1683 20

1961 2022 2003 2055 25

1958 2396 2000 2428 30
