2034 3086
48 866 92 899 10

49 1238 91 1273 15

572 53 656 105 DE
685 52 792 98 IRA
823 53 936 100 Lm.
959 53 1015 98 11.
1071 51 1201 99 CAP.
1229 57 1297 99 ιε.
1327 58 1382 98 14
1759 55 1830 110 85

123 176 299 230 visum
354 178 460 245 est,
513 175 740 230 arduum
790 174 848 229 in
897 175 1125 230 virtutes
1176 179 1232 230 et
1280 193 1529 246 asperum
1581 175 1683 230 iter
1729 179 1831 230 est:

123 251 286 321 plano
340 250 618 306 adeuntur.
693 268 807 304 non
857 269 1028 304 vanae
1080 250 1235 304 vobis
1290 254 1480 305 auctor
1530 251 1609 305 rei
1658 250 1829 305 venio.
1862 264 1889 304 2

122 325 296 380 facilis
351 328 435 380 est
485 325 554 379 ad
609 325 820 379 beatam
874 324 1043 379 vitam
1096 325 1206 379 via:
1271 325 1404 380 inite
1459 326 1619 380 modo
1674 325 1831 380 bonis

122 400 375 471 auspiciis
405 400 646 470 ipsisque
678 399 759 453 dis
792 400 929 454 bene
958 399 1285 454 iuvantibus.
1349 401 1523 456 multo
1556 400 1831 455 difficilius

122 479 206 530 est
256 475 431 529 facere
483 475 589 529 ista
642 493 780 544 quae
832 474 1025 529 facitis.
1115 474 1246 546 quid
1296 479 1379 529 est
1431 476 1597 529 animi
1653 475 1833 546 quiete

122 549 375 619 otiosius,
420 549 550 619 quid
597 549 677 603 ira
720 548 1080 604 laboriosius?
1157 549 1287 620 quid
1327 550 1613 605 clementia
1649 551 1834 605 remis-

118 625 257 753 iiiffil'
316 623 447 696 quid
509 624 824 754 crtpsdelitate
870 624 1258 753 ¹3negotiosius?
1287 700 1321 754 d
1348 629 1505 710 vacat
1557 625 1834 755 Pfflitia’

197 718 217 753 1
255 717 287 753 o
342 718 476 755 occu
516 719 548 754 a
621 718 758 754 sima
811 718 906 754 es.
992 718 1236 754 ommum
1324 718 1518 770 emque
1567 720 1602 754 v
1738 720 1832 755 um

119 775 293 829 tutela
344 719 518 829 facilils
573 778 678 844 est,
738 774 871 828 vitia
932 792 1130 846 magno
1187 775 1453 829 coluntur.
1542 775 1700 829 debet
1753 776 1834 829 ira

119 850 383 904 removeri
438 881 508 888 —
558 848 664 904 hoc
714 867 781 903 ex
829 851 982 920 parte
1032 849 1272 904 fatentur
1310 850 1473 904 etiam
1514 850 1608 921 qui
1647 850 1834 905 dicunt

120 942 237 979 esse
275 923 620 979 minuendam
659 944 756 997 ÷-:
817 927 936 979 tota
985 924 1312 996 dimittatur,
1361 925 1499 979 nihil
1548 926 1834 996 profutura

120 1003 216 1053 est.
286 1000 402 1054 sine
440 1000 535 1054 illa
572 999 783 1054 facilius
821 1000 1128 1070 rectiusque
1164 1001 1365 1055 scelera
1394 1001 1673 1071 tollentur,
1703 1001 1833 1055 mali

120 1073 416 1145 punientur
467 1078 522 1128 et
575 1074 990 1129 transducentur
1049 1075 1107 1129 in
1161 1075 1368 1129 melius.
1459 1076 1641 1129 omnia
1695 1094 1832 1146 quae

120 1148 282 1203 debet
330 1149 543 1220 sapiens
591 1149 705 1203 sine
752 1149 916 1203 ullius
963 1149 1136 1203 malae
1173 1149 1253 1204 rei
1280 1149 1591 1204 vministerio
1632 1151 1834 1205 efficiet

119 1223 363 1295 nihilque
438 1223 779 1294 admiscebit,
853 1224 1005 1279 cuius
1083 1224 1304 1279 modum
1383 1225 1667 1280 sollicitius
1741 1225 1832 1279 ob-

121 1303 309 1353 servet.

269 1373 414 1428 XIV.
475 1373 790 1446 Numquam
827 1374 1011 1445 itaque
1050 1375 1326 1429 iracundia
1364 1374 1698 1430 admittenda
1737 1379 1833 1446 est,

120 1447 410 1518 aliquando
450 1449 777 1519 simulanda,
816 1449 862 1503 si
901 1467 1090 1522 segnes
1130 1449 1465 1504 audientium
1505 1450 1671 1504 animi
1709 1468 1832 1505 con·

120 1522 322 1578 citandi
360 1526 512 1595 sunt,
549 1524 690 1579 sicut
726 1524 879 1579 tarde
909 1524 1283 1596 consurgentis
1316 1525 1383 1578 ad
1416 1543 1632 1579 cursum
1665 1543 1832 1596 equos

121 1598 355 1653 stimulis
405 1599 721 1670 facibusque
766 1599 995 1654 subditis
1035 1599 1347 1654 excitamus.
1424 1600 1714 1670 aliquando
1755 1600 1833 1654 in-

122 1673 405 1728 cutiendus
454 1678 537 1729 est
584 1674 651 1729 iis
698 1677 873 1728 metus
920 1678 1054 1745 aput
1092 1692 1228 1746 quos
1266 1674 1405 1729 ratio
1445 1693 1556 1729 non
1593 1675 1832 1746 proficit:

123 1747 278 1803 irasci
310 1748 526 1819 quidem
559 1768 670 1804 non
701 1749 873 1822 magis
905 1750 1039 1804 utile
1071 1753 1153 1804 est
1182 1767 1344 1820 quam
1377 1769 1638 1821 maerere,
1670 1769 1831 1827 quam

121 1826 374 1878 metuere.
436 1823 595 1894 ‘quid
635 1823 802 1896 ergo?
860 1843 972 1879 non
1010 1824 1256 1879 incidunt
1294 1843 1485 1879 causae
1526 1843 1662 1895 quae
1697 1826 1832 1880 iram

121 1897 448 1954 laooemw’
526 1898 619 1953 sed
669 1902 800 1954 tunc
850 1899 1081 1954 maxime
1129 1899 1209 1953 illi
1248 1900 1601 1971 opponendae
1640 1919 1831 1955 manus

122 1975 264 2027 sunt.
338 1991 439 2029 nec
484 1977 567 2029 est
612 1973 833 2029 difficile
876 1974 1089 2029 vincere
1129 1974 1394 2045 animum,
1432 1992 1554 2029 cum
1595 1977 1831 2030 athletae

123 2064 338 2118 quoque
392 2049 449 2103 in
504 2049 763 2103 vilissima
817 2049 901 2103 sui
958 2053 1109 2120 parte
1164 2049 1413 2121 occupati
1463 2053 1645 2104 tamen
1691 2050 1831 2105 ictus

123 2119 442 2194 doloresque
494 2123 788 2195 patiantur,
851 2128 913 2179 ut
967 2125 1106 2179 vires
1166 2125 1436 2180 caedentis
1500 2125 1833 2195 exhauriant,

124 2213 223 2251 nec
252 2214 373 2251 cum
405 2197 486 2252 ira
515 2198 720 2268 suadet,
749 2198 962 2269 feriant,
993 2198 1085 2253 sed
1117 2216 1240 2253 cum
1274 2199 1498 2254 occasio.
1564 2198 1830 2270 Pyrrhum

126 2270 416 2326 maximum
471 2276 873 2345 praeceptorem
936 2273 1243 2328 certaminis
1306 2274 1545 2346 gymnici
1607 2273 1829 2328 solitum

122 2345 275 2400 aiunt
327 2346 392 2401 iis
446 2366 583 2418 quos
633 2350 914 2404 exercebat
964 2349 1294 2420 praecipere,
1339 2368 1406 2403 ne
1455 2348 1831 2418 irascerentur3

270 2520 301 2566 2
331 2521 468 2568 uobis
493 2523 537 2568 L
567 2529 619 2570 ut
647 2524 762 2628 vols.
792 2523 927 2569 nobis
952 2526 997 2570 A
1028 2525 1045 2583 11
1073 2523 1104 2569 8
1128 2523 1382 2570 adbeatam
1407 2526 1468 2580 A,
1501 2525 1530 2569 d
1564 2539 1621 2571 ex
1652 2524 1682 2570 b
1714 2538 1830 2571 corr.

120 2581 225 2636 sort.
251 2595 309 2626 m.
336 2586 361 2626 1
400 2584 418 2642 ΙΙ
460 2581 518 2629 1⁸
555 2582 605 2629 in
643 2598 718 2631 me
740 2583 814 2629 ius
852 2583 1084 2630 tolli.volt
1118 2584 1367 2631 Michaelis
1405 2585 1505 2630 coll.
1539 2584 1652 2630 dial.
1687 2587 1721 2630 I
1740 2588 1831 2641 5,2

122 2654 191 2698 ep.
217 2644 390 2697 100,10
421 2642 439 2700 ΙΙ
475 2642 535 2688 16
564 2641 814 2689 sollicitius
838 2645 883 2689 A
915 2642 1147 2689 sollicitus
1177 2644 1292 2703 woly.
1323 2645 1347 2729 'i
1379 2642 1436 2689 21
1471 2645 1599 2703 apud
1633 2644 1681 2702 (d
1712 2658 1828 2690 corr.

122 2714 180 2747 ex
208 2702 247 2758 t)
269 2699 340 2747 A²
368 2706 421 2746 ut
448 2704 636 2760 saepius
670 2704 689 2763 ΙΙ
723 2702 785 2749 28
816 2716 987 2749 causae
1011 2702 1081 2749 A⁶
1112 2716 1257 2749 causa
1279 2705 1325 2750 A
1388 2703 1394 2763 Ι
1437 2717 1560 2761 quae
1590 2705 1703 2763 volq.
1738 2717 1830 2761 que

123 2761 175 2806 in
219 2774 311 2807 ms.
350 2759 420 2807 A⁸
463 2763 698 2820 scripma
735 2762 804 2810 A¹
842 2763 986 2821 plane
1031 2776 1166 2809 erasa
1221 2763 1239 2822 ΙΙ
1293 2762 1353 2809 28
1399 2762 1574 2809 feriant
1616 2777 1642 2812 ς
1693 2763 1830 2810 Gertz

122 2818 299 2866 feriunt
343 2822 388 2867 A
442 2821 745 2879 exhauriam
802 2836 887 2869 nec
928 2859 937 2868 .
977 2860 985 2869 .
1025 2859 1034 2868 .
1077 2821 1254 2869 feriunt
1301 2823 1389 2869 Um
1446 2825 1451 2882 Ι
1511 2823 1740 2881 Phyrrum
1780 2825 1827 2875 A

124 2877 336 2925 Pii-rhum
372 2882 413 2927 L

1865 787 1891 830 3

1868 1389 1888 1429 1

1864 2213 1890 2253 3
