2028 3106
208 83 314 137 296
544 80 594 124 L.
621 77 859 123 ANNAEI
891 77 1166 123 SENECAE
1199 77 1356 122 DIAL.
1382 77 1493 122 LIB.
1517 76 1573 122 X.

210 220 438 272 quorum
471 201 630 271 digiti
661 201 883 269 aliquod
913 201 1055 252 intra
1079 218 1134 252 se
1159 217 1373 253 carmen
1396 199 1677 253 metientes
1702 217 1913 269 semper

208 279 444 344 sonant,·
466 293 716 345 quorum,
757 292 880 328 cum
912 273 979 327 ad
1009 292 1092 328 res
1126 274 1311 343 seriaS,
1350 275 1513 328 etiam
1545 293 1702 344 saepe
1733 274 1912 327 tristes

208 350 437 404 adhibiti
477 352 624 418 sunt,
664 349 948 402 exauditur
977 349 1143 403 tacita
1172 349 1506 402 modulatio?
1574 367 1686 402 non
1714 349 1915 402 habent

210 425 300 479 isti
340 425 535 493 otium,
576 424 668 477 sed
707 424 848 477 iners
888 424 1183 495 negotium.
1261 424 1508 477 convivia
1546 443 1632 477 me
1670 424 1913 478 hercules

206 501 399 553 horum
440 517 552 552 non
590 499 862 568 posuerim
901 499 1042 552 inter
1079 499 1327 552 vacantia
1363 501 1631 567 tempora,
1679 516 1801 552 cum
1838 499 1915 551 vi-

208 575 383 642 deam,
440 592 602 643 quam
653 573 874 628 solliciti
925 576 1209 645 argentum
1261 573 1533 641 ordinent,
1585 590 1747 641 quam
1798 572 1917 625 dili-

207 652 396 720 genter
447 649 782 702 exoletorum
833 667 1054 702 suorum
1103 647 1312 701 tunicas
1365 647 1705 718 succingant,
1755 664 1915 715 quam

207 723 454 793 suspensi
494 724 627 792 sint,
666 724 937 793 quomodo
979 741 1108 793 aper
1146 742 1178 775 a
1217 740 1346 776 coco
1380 725 1556 792 exeat,
1596 740 1704 792 qua
1735 722 1918 776 celeri-

206 801 316 852 tate
356 799 512 870 signo
553 799 677 852 dato
718 798 893 870 glabri
924 797 992 852 ad
1024 798 1322 851 ministeria
1353 797 1677 866 discurrant,
1716 799 1918 867 quanta

206 877 319 927 arte
352 873 665 927 scindantur
696 891 819 927 aves
852 874 910 926 in
939 873 1112 927 frusta
1142 891 1254 926 non
1285 873 1546 941 enormia,
1587 890 1749 941 quam
1780 872 1916 926 curi-

207 967 297 1002 ose
336 949 579 1003 infelices
618 948 831 1018 pueruli
871 948 1141 1002 ebriorum
1172 950 1332 1016 sputa
1363 946 1695 1018 detergeant:
1734 964 1802 999 ex
1830 947 1916 999 his

206 1024 503 1094 elegantiae
548 1023 901 1092 lautitiaeque
950 1022 1096 1075 fama
1141 1024 1389 1090 captatur
1438 1023 1491 1074 et
1537 1039 1708 1090 usque
1756 1039 1819 1073 eo
1861 1021 1918 1073 in

207 1110 392 1151 omnes
438 1098 582 1150 vitae
632 1114 871 1150 secessus
920 1096 1062 1148 mala
1101 1112 1197 1147 sua
1235 1095 1358 1149 illos
1399 1098 1674 1164 secuntur,
1719 1098 1781 1148 ut
1817 1112 1917 1148 nec

206 1171 395 1225 bibant
426 1172 542 1224 sine
574 1170 868 1223 ambitione
900 1187 1000 1225 nec
1031 1169 1205 1223 edant.
1273 1189 1341 1223 ne
1373 1170 1497 1224 illos
1531 1169 1748 1239 quidem
1778 1169 1918 1222 inter

207 1246 410 1299 otiosos
460 1245 880 1313 numeraverim,
929 1244 1022 1314 qui
1074 1243 1206 1298 sella
1260 1262 1316 1298 se
1367 1248 1422 1298 et
1469 1245 1661 1298 lectica
1710 1243 1818 1298 huc
1865 1247 1919 1298 et

206 1321 336 1374 illuc
375 1319 556 1373 ferunt
594 1322 649 1373 et
687 1320 754 1373 ad
793 1320 1155 1391 gestationum
1195 1337 1437 1389 suarum,
1485 1320 1639 1390 quasi
1678 1319 1917 1372 deserere

206 1395 325 1448 illas
373 1413 486 1448 non
531 1394 715 1464 liceat,
760 1394 920 1449 horas
962 1398 1275 1463 occurrunt,
1320 1413 1456 1465 quos
1496 1394 1710 1465 quando
1749 1390 1918 1448 lavari

206 1470 457 1540 debeant,
496 1469 710 1540 quando
743 1473 952 1539 natare,
984 1470 1199 1540 quando
1232 1488 1444 1539 cenare,
1474 1470 1611 1524 alius
1643 1469 1916 1523 admonet:

207 1544 307 1615 [et]
348 1563 519 1614 usque
559 1563 622 1599 eo
661 1544 829 1599 nimio
870 1545 1084 1599 delicati
1123 1545 1290 1598 animi
1326 1545 1587 1616 languore
1619 1546 1918 1615 solvuntur,

206 1623 268 1673 ut
304 1638 400 1690 per
440 1638 495 1674 se
535 1621 669 1674 scire
709 1638 821 1674 non
859 1620 1094 1689 possint,
1132 1639 1202 1673 an
1233 1619 1491 1673 esuriant!
1562 1619 1721 1673 audio
1755 1637 1918 1688 quen-

207 1694 329 1747 dam
381 1713 448 1747 ex
498 1694 739 1748 delicatis
779 1725 854 1733 -
893 1694 939 1747 si
989 1694 1150 1748 modo
1202 1694 1422 1749 deliciae
1472 1693 1744 1748 vocandae
1791 1697 1918 1747 sunt

205 1769 372 1821 vitam
421 1771 474 1821 et
521 1769 964 1822 consuetudinem
1010 1769 1302 1823 humanam
1342 1769 1612 1824 dediscere
1651 1799 1748 1838 —-,
1793 1786 1917 1822 cum

207 1861 274 1896 ex
311 1842 504 1896 balneo
544 1842 685 1896 inter
723 1861 913 1897 manus
953 1844 1125 1897 elatus
1165 1847 1219 1897 et
1256 1844 1314 1898 in
1353 1845 1484 1898 sella
1520 1843 1730 1914 positus
1763 1845 1916 1906 esset,

206 1917 403 1970 dixisse
428 1916 832 1988 interrogando:
865 1917 998 1972 ‘iam
1024 1918 1246 1973 sedeo?'
1307 1918 1454 1974 hunc
1475 1922 1538 1973 tu
1561 1919 1917 1991 ignorantem,

205 2011 275 2045 an
314 1991 518 2061 sedeat,
563 1996 720 2061 putas
761 1993 896 2047 scire
935 2012 1004 2047 an
1043 1994 1211 2063 vivat,
1257 2013 1328 2048 an
1364 1994 1566 2064 videat,
1604 2013 1674 2048 an
1712 1993 1916 2048 otiosus

206 2067 312 2120 sit?
388 2085 500 2120 non
530 2066 687 2121 facile
719 2067 968 2138 dixerim,
1005 2072 1187 2122 utrum
1219 2069 1392 2141 magis
1423 2070 1696 2139 miserear,
1736 2069 1783 2122 si
1812 2069 1918 2123 hoc

206 2141 501 2213 ignoravit,
540 2160 605 2194 an
648 2143 694 2196 si
733 2143 980 2215 ignorare
1020 2162 1076 2198 se
1115 2144 1289 2197 finxit.
1365 2145 1659 2198 multarum
1700 2143 1916 2213 quidem

357 2302 383 2346 1
412 2303 588 2347 intrase
613 2305 659 2349 A
691 2304 742 2348 in
764 2317 928 2349 mensa
950 2306 1052 2350 Joh.
1072 2305 1250 2350 Mallem·
1272 2305 1520 2350 metientes
1544 2306 1598 2350 in
1619 2304 1917 2350 metientium

204 2363 378 2414 mutari
408 2363 606 2408 malebat
631 2364 771 2409 Gertz
793 2363 810 2423 ΙΙ
839 2363 869 2408 2
901 2364 1046 2408 etiam
1078 2378 1187 2422 sepe
1212 2366 1258 2410 A
1291 2378 1432 2422 saepe
1465 2365 1610 2410 etiam
1634 2375 1663 2409 ς
1692 2366 1798 2419 sort.
1822 2377 1917 2409 rec-

204 2423 299 2467 tius
328 2421 344 2481 ΙΙ
374 2421 404 2466 8
436 2436 530 2478 qua
555 2433 583 2467 ς
614 2427 708 2480 qua
732 2424 779 2469 A
811 2425 991 2480 quanta
1020 2425 1136 2483 voly.
1167 2424 1184 2484 Η
1214 2424 1273 2470 10
1304 2423 1530 2469 infrustra
1554 2426 1601 2470 A
1630 2423 1647 2484 ΙΙ
1677 2424 1734 2469 11
1764 2437 1821 2468 ex
1846 2423 1919 2467 his

206 2481 439 2541 elegantis
460 2482 532 2527 A⁵
564 2483 672 2539 (pro
702 2485 869 2529 ultima
893 2497 918 2528 e
942 2483 1012 2528 A¹
1035 2498 1056 2527 s
1078 2485 1290 2530 habuisse
1319 2485 1430 2542 vid.)
1467 2483 1485 2544 ΙΙ
1522 2483 1583 2529 14
1610 2497 1670 2529 ne
1702 2482 1849 2529 edant
1870 2481 1918 2530 A

205 2555 320 2586 corr.
353 2542 468 2598 voly.
509 2541 525 2601 ΙΙ
567 2542 626 2586 15
658 2543 832 2588 otiosos
863 2543 979 2600 voly.
1013 2542 1114 2602 abii
1131 2543 1318 2602 lstiosos
1342 2546 1389 2590 A
1422 2546 1552 2601 (eras.
1579 2545 1625 2600 o)
1658 2542 1675 2628 l
1701 2554 1918 2587 numera-

204 2601 351 2646 verim
388 2601 521 2646 Koch
563 2602 885 2648 numeraberis
920 2603 968 2648 A
1014 2601 1019 2660 Ι
1067 2602 1184 2648 sella
1224 2617 1273 2648 se
1312 2606 1360 2650 et
1396 2603 1570 2648 lectica
1603 2603 1651 2648 A
1711 2615 1826 2646 corr.
1862 2605 1919 2646 'ex

207 2660 323 2704 sella
355 2660 423 2704 est
446 2660 657 2706 &lectica
689 2662 746 2719 (δε
774 2677 871 2708 non
899 2663 1016 2708 satis
1045 2667 1216 2718 certum
1245 2665 1350 2721 est);
1385 2668 1494 2720 post
1529 2661 1701 2706 lectica
1738 2661 1918 2718 aliquid

206 2734 388 2765 erasum
418 2726 504 2775 est,
537 2721 660 2778 quod
689 2723 801 2778 quid
829 2723 975 2778 fuerit
1003 2721 1173 2779 dispici
1201 2736 1296 2768 non
1318 2727 1489 2780 potest,
1516 2721 1597 2767 sed
1620 2721 1758 2766 initio
1778 2721 1918 2766 huius

205 2794 399 2825 rasurae
422 2780 491 2825 A⁵
515 2794 536 2824 s
560 2783 767 2838 scripsit,
790 2787 844 2827 ut
864 2783 993 2839 fieret
1016 2780 1224 2826 lecticas.
1248 2781 1266 2842 ΙΙ
1292 2781 1349 2827 17
1373 2780 1530 2826 labari
1552 2779 1623 2826 A¹
1643 2779 1794 2825 lavari
1817 2779 1917 2841 A²ll

206 2838 266 2884 18
289 2854 380 2896 pro
411 2841 577 2886 natare
611 2842 804 2887 Wolters
833 2843 967 2887 malit
998 2840 1241 2890 ambulare
1282 2841 1287 2901 Ι
1331 2841 1573 2887 admonet:
1605 2854 1754 2897 usque
1782 2839 1917 2886 Gertz

204 2897 444 2955 admonet.
494 2901 542 2945 et
571 2913 722 2956 usque
747 2901 792 2946 A
822 2900 839 2960 Η
869 2901 929 2946 25
961 2901 1115 2962 scires]
1142 2903 1291 2958 (erasa
1321 2901 1428 2956 fort.
1454 2903 1492 2959 s)
1518 2901 1564 2946 A

1948 889 1990 922 10

1950 1260 1991 1293 15

1949 2007 1991 2042 2⁶
