2028 3106
250 104 357 158 246
573 104 622 148 L.
648 103 883 147 ANNAEI
915 102 1186 148 SENECAE
1218 104 1375 148 DIAL.
1399 105 1509 150 LIB.
1535 105 1611 150 IX.

247 224 508 292 paulatim
560 224 791 277 defluam
836 241 1044 293 vereor,
1089 228 1182 277 aut
1222 226 1365 294 quod
1405 230 1486 280 est
1524 227 1829 296 sollicitius,
1873 247 1940 281 ne

247 309 476 367 sempef
517 315 705 351 casuro
761 297 948 351 similis
1002 299 1262 368 pendeam
1313 303 1365 353 et
1418 302 1539 370 plus
1594 301 1818 354 fortasse
1872 302 1943 355 sit

249 391 409 441 quam
450 371 595 441 quod
633 372 748 440 ipse
787 372 1059 442 pervide03
1096 373 1431 427 familiariter
1468 375 1611 428 em’m
1649 375 1942 429 domestica

160 461 212 500 16
246 447 534 516 aspicimus
575 449 628 498 et
666 464 874 514 semper
910 447 1106 501 iudicio
1145 447 1299 501 favor
1334 448 1515 502 officit.
1577 452 1710 519 puto
1743 450 1940 502 multos

156 981 207 1020 17

243 521 484 588 potuisse
523 520 590 573 ad
623 520 938 590 sapientiam
970 523 1265 591 pervenire,
1303 522 1408 575 nisi
1431 526 1711 592 putassent
1740 541 1796 577 se
1826 527 1944 593 pei-4

245 594 476 663 venisse,
528 595 633 648 nisi
684 594 943 664 quaedam
989 596 1046 648 in
1092 613 1147 649 se
1186 596 1632 666 dissimulassent,
1682 598 1941 668 quaedam

246 668 445 738 opertis
479 670 648 723 oculis
680 669 1088 723 transiluissent.
1150 689 1261 724 non
1293 674 1373 725 est
1404 671 1568 740 enim,
1602 673 1744 740 quod
1768 673 1940 743 magis

244 744 417 797 aliena
466 744 666 797 iudices
718 744 1024 798 adulatione
1074 743 1263 814 <nos>
1312 747 1486 816 perire
1535 763 1696 814 quam
1740 751 1938 800 nostra.

244 818 362 887 quis
402 819 506 871 sibi
544 837 730 871 verum
771 817 945 871 dicere
985 836 1144 871 ausus
1185 819 1302 873 est?
1362 820 1482 890 quis
1520 838 1632 873 non
1662 821 1801 874 inter
1829 822 1940 874 lau-

243 892 483 946 dantium
505 891 1000 962 blandientiumque
1020 893 1227 962 positus
1245 911 1434 965 greges
1450 895 1744 963 plurimum
1759 899 1941 948 tamen

243 967 347 1020 sibi
392 966 508 1035 ipse
547 967 853 1020 adsentatus
894 967 1010 1020 est‘?
1086 985 1219 1039 rogo
1258 968 1462 1037 itaque,
1509 969 1555 1022 si
1595 968 1738 1037 quod
1775 969 1940 1022 habes

242 1041 553 1111 remedium,
587 1060 693 1111 quo
717 1041 858 1095 hanc
880 1042 1285 1096 fluctuationem
1308 1061 1481 1096 meam
1507 1042 1684 1111 sistas,
1717 1043 1940 1115 dignum

241 1133 326 1168 me
375 1118 530 1184 putes
586 1117 678 1184 qui
722 1116 824 1169 tibi
867 1117 1312 1185 tranquillitatem
1358 1118 1593 1171 debeam.
1669 1136 1780 1171 non
1826 1135 1940 1171 esse

240 1189 569 1258 periculosos
607 1191 698 1244 hos
735 1193 915 1244 motus
955 1192 1120 1244 am'mi
1157 1210 1257 1245 nec
1295 1192 1582 1261 quicquam
1619 1193 1940 1246 tumultuosi

239 1264 523 1318 adferentis
576 1264 709 1333 scio3
761 1267 824 1317 ut
874 1283 1000 1317 vera
1051 1265 1151 1318 tibi
1198 1266 1546 1318 similitudine
1592 1265 1672 1334 id,
1721 1267 1784 1319 de
1832 1285 1937 1335 quo

239 1356 455 1407 queror,
500 1338 822 1407 exprimam,
867 1356 979 1391 non
1023 1341 1340 1408 tempestate
1379 1357 1544 1392 vexor
1589 1339 1682 1392 sed
1719 1357 1939 1393 nausea:

238 1411 456 1465 detrahe
496 1430 622 1484 ergo
664 1412 919 1482 quicquid
958 1412 1063 1466 hoc
1094 1416 1176 1467 est
1207 1413 1335 1466 mali
1367 1417 1420 1466 et
1451 1431 1697 1468 succurre
1728 1414 1786 1467 in
1816 1431 1938 1468 con-

241 1490 427 1556 spectu
467 1490 728 1540 terrarum
765 1487 1046 1541 laboranti.

391 1559 458 1615 ΙΙ.
521 1559 788 1633 (ΒΕΝΕσΑ.)
870 1560 1078 1625 Quaero
1129 1581 1214 1616 me
1270 1562 1514 1616 hercules
1564 1563 1672 1616 iam
1722 1563 1939 1632 dudum,

244 1634 462 1705 Serene,
499 1637 612 1705 ipse
643 1637 863 1705 tacitus,
901 1636 987 1689 cui
1018 1637 1180 1689 talem
1213 1636 1480 1690 adfectum
1512 1637 1679 1690 animi
1709 1637 1938 1691 similem

238 1714 447 1778 putem,
503 1728 602 1763 nec
655 1710 754 1762 ulli
808 1711 1029 1780 propius
1087 1710 1412 1764 admoverim
1474 1711 1718 1780 exemplo
1778 1729 1937 1780 quam

241 1802 452 1852 eorum,
490 1785 584 1853 qui
622 1803 688 1837 ex
724 1785 889 1856 longa
928 1787 981 1837 et
1018 1785 1168 1855 gravi
1206 1785 1510 1839 valetudine
1549 1786 1788 1855 expliciti
1826 1804 1937 1839 mo-

239 1858 493 1912 tiuncuh's
532 1859 848 1929 levibusque
887 1859 1101 1912 interim
1142 1860 1357 1913 offensis
1397 1860 1833 1931 perstringuntur
1869 1863 1937 1930 et,

237 1950 358 1985 cum
407 1933 658 2003 reliquias
706 1935 1034 2005 effugerunt,
1083 1934 1476 2004 suspicionibus
1516 1937 1694 1988 tamen
1733 1934 1936 2004 inquie-

236 2004 775 2077 tantur—medicisque
806 2009 912 2061 iam
945 2008 1061 2061 sani
1092 2027 1309 2061 manum
1337 2009 1623 2079 porrigunt
1646 2012 1700 2062 et
1722 2027 1934 2062 omnem

236 2083 466 2136 calorem
527 2083 765 2152 corporis
821 2082 905 2135 sui
960 2083 1367 2136 calumniantur.
1453 2082 1669 2151 horum,
1726 2081 1936 2152 Serene,

235 2175 346 2209 non
390 2175 580 2226 parum
620 2175 809 2210 sanum
848 2159 929 2210 est
967 2174 1160 2226 corpus
1170 2197 1186 2226 ,
1232 2156 1324 2210 sed
1364 2157 1581 2211 sanitati
1618 2175 1807 2226 parum
1847 2157 1935 2210 ad-

236 2230 432 2283 suevit:
473 2231 611 2284 sicut
650 2234 730 2284 est
770 2230 987 2300 quidam
1026 2234 1228 2284 tremor
1256 2231 1418 2284 etiam
1450 2231 1726 2300 tranquilli
1757 2231 1935 2300 maris,

237 2305 422 2374 utique
474 2322 596 2358 cum
648 2323 714 2358 ex
752 2307 1068 2374 tempestate
1106 2305 1382 2374 requievit.
1459 2323 1594 2374 opus
1633 2308 1714 2359 est
1751 2306 1934 2374 itaque

235 2396 346 2431 non
397 2379 506 2432 illis
569 2379 895 2448 durioribus,
957 2398 1091 2448 quae
1148 2379 1255 2432 iam
1309 2379 1811 2447 transcucurrimus,
1872 2382 1934 2432 ut

389 2510 415 2553 1
453 2523 614 2554 vereor
652 2513 735 2555 aut
771 2512 884 2568 voly.
916 2510 1074 2556 uerior
1109 2511 1194 2554 aut
1230 2523 1342 2555 corr.
1376 2524 1431 2555 ex
1466 2510 1652 2555 ueriora
1681 2510 1737 2553 ut
1762 2510 1887 2554 A¹-2
1916 2509 1935 2570 ΙΙ

235 2568 264 2611 Ξ.)
299 2567 404 2624 plus
427 2570 473 2613 A
512 2570 645 2626 peius
681 2571 815 2616 Gertz
845 2571 949 2624 fort.
972 2575 1096 2614 'reete
1136 2569 1153 2629 Η
1194 2569 1224 2614 8
1262 2583 1346 2613 nos
1383 2571 1425 2614 h.
1451 2571 1480 2614 l.
1507 2569 1613 2613 add.
1647 2579 1694 2624 ς,
1726 2570 1934 2626 plerique

235 2628 334 2672 edd.
368 2633 474 2672 ante
503 2628 655 2687 magis
693 2629 708 2688 ΙΙ
746 2630 805 2674 10
835 2629 1254 2685 blandentiumque
1282 2630 1327 2674 A
1365 2629 1382 2687 Η
1419 2627 1479 2672 14
1508 2628 1593 2672 hos
1625 2629 1729 2674 add.
1757 2629 1888 2673 Koch
1916 2627 1934 2688 Η

236 2686 295 2730 16
323 2700 469 2731 uexor
506 2702 618 2734 corr.
651 2703 707 2734 ex
743 2703 860 2733 uxor
890 2690 1017 2734 A¹··²
1055 2686 1071 2747 ΙΙ
1111 2687 1172 2732 24
1201 2687 1425 2744 reliquias
1449 2688 1496 2732 A
1526 2687 1736 2744 pericula
1767 2687 1932 2733 Corne-

237 2747 373 2791 lissen
404 2745 654 2792 febriculas
686 2762 763 2806 eyo
793 2748 809 2807 Η
839 2748 898 2792 25
922 2747 1224 2804 medicusque
1247 2748 1317 2792 A¹
1339 2760 1453 2792 corr.
1477 2762 1535 2792 m.
1562 2751 1687 2792 1—-2
1708 2747 1724 2807 ΙΙ
1750 2746 1810 2802 26
1833 2761 1930 2791 cor-

236 2805 340 2860 pori
371 2806 417 2850 A
456 2806 472 2865 Η
510 2805 568 2850 29
598 2808 762 2862 utique
795 2821 899 2851 cum
924 2809 1085 2852 Haase
1113 2810 1169 2851 ut
1199 2819 1289 2862 que
1322 2809 1379 2849 cfi
1401 2806 1471 2851 A¹
1500 2808 1578 2852 sed
1607 2821 1751 2863 supra
1781 2810 1839 2850 cu
1862 2806 1932 2851 Α2

236 2865 305 2908 vel
335 2866 494 2920 potius
532 2880 653 2910 man.
686 2869 908 2912 recentior
945 2866 1075 2910 lacus
1114 2866 1295 2910 addidit
1332 2865 1350 2925 Η
1389 2865 1448 2910 30
1486 2880 1607 2922 quae
1638 2866 1733 2909 iam
1766 2867 1931 2923 Pinyel

236 2937 311 2978 ap.
340 2925 633 2982 Madviyium
667 2925 826 2984 quel&
848 2928 900 2970 ta.
923 2927 968 2970 A

1972 912 2014 945 10

1971 1283 2013 1316 15

1969 1653 2012 1687 20

1966 2024 2009 2058 25

1964 2395 2006 2428 80
