2028 3106
134 66 243 121 316
464 63 514 109 L.
539 62 779 108 ANNAEI
810 61 1085 108 SENECAE
1116 61 1414 109 DIAL.L1B
1437 62 1516 109 XI.

75 202 101 242 3
132 186 385 241 lacrimae
415 186 574 241 nobis
607 186 832 240 deerunt
862 188 986 239 ante
1018 203 1181 255 quam
1213 204 1403 240 causae
1436 186 1666 241 dolendi.
1734 207 1846 243 non

88 286 99 310 ·,
133 262 306 331 vides,
356 262 572 346 qualem
622 261 782 315 nobis
831 261 1000 314 vitam
1051 279 1230 314 rerum
1278 264 1473 314 natura
1522 263 1847 333 promiserit,

6 352 21 384 z
134 355 270 406 quae
307 337 554 411 primum
581 335 919 404 nascentium
956 335 1239 389 hommum
1271 336 1459 389 fletum
1490 354 1605 390 esse
1636 339 1846 392 voluit?

72 440 75 443 >
132 410 238 466 hoc
269 429 538 481 pr1ncip10
559 403 819 479 edimur,
840 398 970 464 liuic
1002 410 1178 464 omnis
1210 411 1550 479 sequentium
1582 430 1846 467 annorum

16 530 38 554 ,Ι
122 486 266 540 ordo
314 486 596 540 consentit.
675 485 753 539 sic
799 485 967 538 vitam
1014 502 1225 557 agimus
1234 526 1248 554 ,
1299 485 1528 555 ideoque
1573 487 1846 542 moderate

8 615 14 624 s
103 561 121 612 ..ἱ
134 561 190 614 id
236 561 355 615 fieri
402 560 563 614 debet
608 578 641 612 a
685 559 866 629 nobis,
914 560 1060 629 quod
1099 576 1259 630 saepe
1297 560 1604 614 faciendum
1643 565 1748 631 est,
1793 565 1847 616 et

131 635 504 705 respicientes,
537 637 800 704 quantum
831 653 863 687 a
893 637 1047 705 tergo
1079 652 1260 688 rerum
1290 635 1530 689 tristium
1554 635 1846 706 immineat,

134 711 180 764 si
240 727 352 763 non
404 709 561 762 finire
613 709 886 779 lacrimae,
948 712 1004 762 at
1057 712 1200 763 certe
1253 727 1523 764 reservare
1576 710 1845 764 debemus.

132 785 270 838 nulli
315 783 646 854 parcendum
693 787 776 838 est
812 785 891 838 rei
930 784 1104 856 magis
1145 801 1307 853 quam
1344 783 1496 855 huic,
1542 785 1694 840 cuius
1734 789 1847 839 tam

132 859 386 930 frequens
425 877 554 913 usus
596 861 690 913 est.

283 948 349 1003 V.
411 947 555 1003 Illud
606 967 823 1020 quoque
867 952 921 1003 te
967 967 1080 1003 non
1124 949 1411 1003 minimum
1458 949 1748 1020 adiuverit,
1801 949 1848 1004 si

133 1024 456 1096 cogitaveris
517 1025 656 1078 nulli
718 1025 895 1079 minus
957 1027 1173 1096 gratum
1228 1041 1344 1079 esse
1398 1024 1639 1079 dolorem
1692 990 1848 1079 tdum

134 1118 296 1170 quam
336 1100 410 1170 ei,
447 1100 535 1154 cui
566 1099 827 1170 praestari
859 1099 1093 1153 videtur.
1130 1100 1372 1169 torqueri
1404 1100 1496 1153 ille
1526 1103 1581 1154 te
1613 1103 1707 1154 aut
1736 1118 1849 1154 non

132 1175 254 1229 vult
291 1178 386 1229 aut
423 1193 535 1228 non
573 1175 854 1246 intellegit.
931 1174 1083 1227 nulla
1120 1175 1304 1244 itaque
1342 1175 1457 1229 eius
1501 1175 1670 1230 officii
1708 1175 1846 1229 ratio

135 1252 239 1319 est,
294 1249 440 1320 quod
495 1250 566 1320 ei,
622 1250 710 1304 cui
763 1252 1092 1319 praestatur,
1144 1249 1191 1303 si
1237 1249 1377 1304 nihil
1424 1250 1610 1319 sentit,
1666 1268 1848 1320 super·

133 1342 365 1379 vacuum
412 1327 518 1394 est,
564 1324 610 1379 si
658 1325 847 1395 sentit,
892 1324 1166 1397 ingratum
1213 1327 1307 1378 est.
1386 1323 1525 1396 [24]
1575 1325 1847 1379 neminem

133 1417 249 1454 esse
295 1402 413 1453 toto
463 1399 592 1453 orbe
638 1402 926 1469 terrarum,
974 1399 1069 1469 qui
1115 1399 1411 1454 delectetur
1446 1399 1684 1454 lacrimis
1723 1400 1847 1469 tuis,

133 1473 387 1528 audacter
425 1474 667 1530 dixerim.
722 1474 854 1545 quid
893 1474 1060 1547 ergo?
1115 1491 1276 1544 quem
1314 1493 1474 1529 nemo
1506 1473 1760 1529 adversus
1792 1477 1848 1528 te

132 1549 374 1603 animum
406 1550 571 1621 gerit,
601 1567 724 1603 eum
756 1567 871 1604 esse
898 1552 960 1603 tu
985 1548 1156 1604 credis
1179 1549 1361 1604 fratris
1384 1550 1489 1620 tui,
1520 1552 1582 1603 ut
1606 1549 1847 1604 cruciatu

131 1625 212 1679 tui
250 1628 443 1679 noceat
480 1625 602 1694 tibi,
642 1627 705 1679 ut
742 1627 797 1679 te
835 1625 968 1679 velit
1007 1624 1269 1680 abducere
1300 1626 1367 1679 ab
1401 1624 1846 1696 occupationibus

130 1700 262 1770 tuis,
303 1700 359 1754 id
397 1702 480 1754 est
518 1718 550 1753 a
588 1699 768 1755 studio
809 1703 863 1754 et
894 1719 927 1754 a
958 1698 1218 1755 Caesare?
1278 1718 1391 1755 non
1422 1703 1504 1755 est
1532 1700 1639 1755 hoc
1670 1700 1846 1755 simile

131 1775 259 1830 veri.
322 1775 414 1830 ille
454 1776 598 1829 enim
638 1775 1032 1848 indulgentiam
1070 1776 1171 1830 tibi
1213 1779 1471 1847 tanquam
1511 1775 1666 1830 fratri
1697 1793 1846 1846 prae-

133 1851 295 1920 stitit,
330 1851 730 1905 venerationem
768 1854 1029 1922 tanquam
1068 1852 1300 1922 parenti,
1340 1852 1548 1906 cultum
1586 1854 1845 1922 tanquam

133 1926 421 1997 superiori3
452 1926 544 1981 ille
576 1926 839 1981 desiderio
867 1927 968 1981 tibi
993 1944 1108 1981 esse
1132 1927 1273 1998 vult,
1302 1929 1571 1981 tormento
1597 1944 1712 1981 esse
1734 1944 1847 1980 non

132 2002 265 2056 vult.
344 2001 475 2073 quid
521 2002 705 2073 itaque
752 2002 902 2056 iuvat
949 2003 1125 2057 dolori
1165 2002 1518 2072 intabescere,
1567 2019 1751 2071 quem,
1799 2001 1845 2055 si

135 2077 255 2148 quis
295 2077 563 2132 defunctis
603 2095 790 2131 sensus
830 2081 934 2148 est,
973 2078 1117 2131 finiri
1156 2078 1323 2132 frater
1360 2081 1485 2132 tuus
1518 2076 1705 2148 cupit?
1781 2071 1846 2130 de

132 2152 239 2207 alio
277 2152 464 2222 fratre,
504 2153 657 2207 cuius
696 2152 901 2207 incerta
937 2156 1121 2224 posset
1150 2153 1402 2208 voluntas
1433 2152 1623 2222 videri,
1664 2152 1847 2206 omnia

131 2227 265 2282 haec
310 2228 369 2282 in
414 2227 578 2282 dubio
625 2246 882 2299 ponerem
929 2231 983 2282 et
1028 2227 1344 2283 diceremz‘
1355 2229 1467 2282 sive
1513 2231 1567 2282 te
1605 2226 1845 2298 torqueri

132 2302 368 2357 lacrimis
414 2321 711 2373 numquam
758 2302 1126 2357 desinentibus
1172 2303 1338 2358 frater
1381 2307 1509 2357 tuus
1550 2302 1723 2373 cupit,
1767 2301 1845 2355 in-

133 2377 328 2450 dignus
382 2377 488 2432 hoc
542 2378 739 2432 affectu
790 2381 887 2432 tuo
942 2381 1046 2449 est3
1108 2379 1220 2433 sive
1272 2397 1384 2433 non
1436 2378 1578 2448 vult,
1630 2377 1844 2447 utrique

282 2540 314 2586 8
343 2541 588 2586 hominum
625 2541 664 2587 Ο
701 2554 839 2586 omen
871 2541 1033 2587 Muret
1072 2541 1090 2602 ΙΙ
1131 2540 1191 2586 1ss
1222 2542 1361 2599 prius
1391 2542 1464 2587 est
1493 2541 1608 2600 voly.
1641 2554 1726 2586 om.
1757 2539 1842 2596 cfr.

132 2614 171 2646 c.
204 2604 301 2656 4,1
337 2600 375 2706 {a
407 2600 466 2646 19
509 2601 724 2646 cruciatu
765 2601 839 2646 tui
880 2614 1048 2647 nocere
1090 2603 1223 2647 malit
1265 2601 1424 2657 Gertz,
1464 2602 1545 2647 sed
1585 2601 1688 2647 vide
1729 2613 1846 2657 quae

132 2661 236 2706 Joh.
264 2662 356 2706 Mu·
376 2661 441 2706 ler
470 2662 524 2706 in
553 2667 640 2707 act.
666 2661 814 2707 Acad.
843 2661 1034 2707 Vindob.
1068 2662 1346 2708 CXXXVI
1371 2675 1421 2719 p.
1449 2666 1507 2708 17
1545 2661 1801 2718 disputavit
1828 2658 1846 2719 ΙΙ

133 2719 667 2767 20utteuelith.
692 2722 956 2766 2H1'1ate
994 2721 1280 2778 uelith.
1313 2726 1338 2766 1
1379 2722 1845 2779 sedaposteaper-

133 2780 339 2836 foratum
370 2786 437 2827 est
466 2783 515 2826 et
544 2781 733 2839 priuate
765 2780 886 2826 nolit
909 2781 959 2826 D
991 2782 1040 2826 et
1061 2781 1250 2839 priuate
1273 2781 1394 2827 uelit
1417 2782 1470 2827 E
1495 2781 1511 2841 ΙΙ
1540 2780 1600 2826 26
1631 2778 1844 2825 defuncti

139 2840 178 2886 O
207 2854 320 2886 corr.
350 2842 514 2887 Muret
564 2841 568 2900 Ι
609 2840 669 2886 28
708 2841 758 2886 in
798 2840 942 2885 dubio
979 2841 1116 2886 Gertz
1156 2855 1251 2886 non
1290 2840 1433 2887 dubie
1469 2828 1511 2888 Ο
1546 2840 1689 2885 dubie
1727 2840 1842 2898 volq.

135 2901 294 2945 omnia
325 2900 416 2945 hac
449 2915 537 2947 con
575 2901 724 2947 cione
755 2914 1001 2959 ponerem,
1032 2903 1087 2946 ut
1119 2901 1323 2946 dicerem
1348 2901 1575 2948 Schultess

1878 881 1922 915 10

1878 1269 1922 1303 1⁶
