2028 3106
197 102 305 156 268
524 101 574 145 L.
599 101 836 146 ANNAEI
867 101 1142 147 SENECAE
1173 102 1332 149 DIAL.
1356 104 1466 149 LIB.
1492 105 1569 150 IX.

197 222 419 276 summis
458 223 674 277 functus
714 241 792 276 est
829 223 1092 293 numquid
1130 227 1223 277 aut
1259 227 1371 278 tam
1408 227 1617 297 magnis
1655 230 1749 281 aut
1785 231 1896 282 tam

196 296 478 365 insperatis
525 300 619 350 aut
662 300 775 350 tam
820 295 1103 351 universis⁴
1131 316 1292 367 quam
1332 298 1593 354 Seianus?
1666 319 1772 370 quo
1812 302 1896 356 die

194 371 350 424 illum
398 374 612 425 senatus
652 371 964 441 deduxerat,
1008 374 1242 441 populus
1282 374 1339 426 in
1376 374 1549 428 frusta
1587 374 1790 445 divisit3
1836 378 1895 429 in

197 462 355 513 quem
402 445 658 514 quicquid
709 445 927 516 congeri
970 448 1184 514 poterat
1228 447 1283 499 di
1321 447 1672 517 hominesque
1711 453 1895 503 contu-

193 519 388 587 lerant,
443 537 509 572 ex
561 537 624 572 eo
671 519 810 572 nihil
847 519 1133 589 superfuit,
1189 521 1334 589 quod
1373 523 1610 576 carnifex
1646 523 1893 578 traheret.
1950 542 1971 575 5

107 606 162 646 12
193 611 290 646 rex
327 610 404 646 es:
449 611 561 645 non
599 593 666 646 ad
706 592 960 647 Croesum
998 596 1052 647 te
1090 594 1324 663 mittam,
1372 597 1466 665 qui
1503 614 1697 668 rogum
1737 617 1892 651 suum

195 670 250 720 et
302 667 519 720 accendi
567 668 722 720 vivus
769 670 824 721 et
868 668 1112 738 extingui
1156 669 1315 738 vidit,
1367 670 1542 724 factus
1580 689 1692 724 non
1727 690 1893 742 regno

193 743 430 809 tantum,
466 745 540 794 set
577 741 739 795 etiam
777 742 940 795 morti
978 759 1104 795 suae
1144 746 1436 813 superstes,
1471 763 1582 798 non
1613 745 1680 798 ad
1709 743 1896 817 Iugur-

193 816 367 884 tham,
428 833 587 884 quem
640 817 874 886 populus
929 814 1204 870 Romanus
1258 818 1401 871 intra
1454 837 1677 888 annum,
1734 838 1894 889 quam

194 889 467 958 timuerat,
507 891 788 960 spectavit:
826 889 1193 944 Ptolemaeum
1224 890 1439 946 Africae
1470 912 1674 965 regem,
1710 892 1894 947 Arme-
1928 912 1970 945 ιο

192 964 314 1017 niae
344 963 695 1018 Mithridaten
731 966 872 1019 inter
902 963 1130 1038 Gaianas
1170 967 1438 1021 custodias
1469 967 1723 1038 vidimus3
1762 969 1897 1022 alter

194 1039 253 1091 in
291 1038 511 1092 exilium
549 1040 743 1094 missus
782 1042 888 1108 est,
928 1040 1063 1094 alter
1100 1043 1163 1094 ut
1193 1042 1413 1095 meliore
1443 1042 1549 1096 fide
1579 1044 1897 1113 mitteretur,

196 1113 429 1182 optabat.
506 1114 564 1166 in
611 1117 763 1167 tanta
811 1132 988 1167 rerum
1036 1133 1221 1168 susum
1267 1134 1330 1170 ac
1367 1116 1616 1171 deorsum
1655 1118 1895 1171 euntium

193 1188 495 1241 versatione
527 1188 573 1241 si
602 1207 714 1241 non
745 1189 1001 1258 quicquid
1030 1189 1150 1242 fieri
1178 1193 1358 1259 potest
1387 1209 1485 1260 pro
1509 1190 1693 1245 futuro
1717 1192 1896 1262 habes,

195 1261 289 1315 das
335 1262 393 1314 in
438 1264 494 1315 te
539 1262 678 1316 vires
714 1263 874 1316 rebus
914 1262 1171 1333 adversis,
1222 1282 1353 1333 quas
1392 1264 1613 1336 infregit
1652 1266 1894 1336 quisquis
1928 1284 1971 1317 15

232 1336 344 1389 rior
380 1335 530 1389 vidit.

137 1422 160 1462 1
194 1354 231 1406 P
342 1408 462 1463 XII.
524 1409 837 1464 Proximum
869 1410 935 1464 ab
966 1410 1052 1465 his
1084 1412 1207 1481 erit,
1245 1431 1312 1466 ne
1344 1416 1438 1467 aut
1468 1414 1526 1466 in
1554 1415 1905 1484 supervacuis

195 1486 289 1537 aut
326 1502 394 1537 ex
431 1502 763 1554 supervacuo
800 1484 1128 1555 laboremus,
1166 1486 1221 1539 id
1260 1491 1364 1557 est,
1399 1506 1467 1540 ne
1499 1505 1634 1556 quae
1665 1491 1758 1541 aut
1787 1507 1897 1542 non

193 1555 480 1628 possumus
512 1559 768 1629 consequi
791 1560 1256 1630 concupiscamus,
1286 1564 1381 1615 aut
1403 1561 1584 1632 adepti
1606 1562 1895 1616 vanitatem

194 1632 570 1702 cupiditatium
626 1636 932 1687 nostrarum
990 1652 1107 1687 sero
1164 1638 1290 1705 post
1346 1636 1578 1689 multum
1634 1636 1894 1707 pudorem
1927 1655 1971 1688 20

193 1706 595 1778 intellegamus,
624 1707 680 1760 id
712 1711 815 1778 est,
845 1726 914 1761 ne
944 1710 1038 1761 aut
1066 1708 1222 1763 labor
1250 1710 1445 1763 inritus
1469 1711 1542 1764 sit
1565 1711 1678 1764 sine
1702 1711 1894 1766 effectu

195 1783 289 1834 aut
327 1781 546 1836 effectus
582 1782 766 1836 labore
804 1781 1081 1854 indignus3
1125 1783 1236 1837 fere
1274 1785 1417 1838 enim
1456 1803 1523 1838 ex
1558 1784 1644 1839 his
1674 1786 1895 1839 tristitia

195 1856 459 1925 sequitur,
521 1856 568 1910 si
621 1859 715 1910 aut
766 1875 878 1911 non
930 1858 1188 1912 successit
1240 1861 1334 1912 aut
1386 1876 1661 1913 successus
1714 1860 1892 1930 pudet.

135 1941 162 1982 2
195 1930 623 1985 circumcidenda
680 1932 1040 2002 concursatiO,
1101 1933 1275 2003 qualis
1334 1937 1417 1987 est
1472 1951 1696 2005 magnae
1751 1935 1894 2005 parti

194 2003 476 2059 hominum
507 2005 696 2059 domos
727 2009 781 2059 et
811 2006 1020 2060 theatra
1049 2009 1103 2060 et
1124 2006 1243 2061 fora
1265 2008 1675 2077 pererrantium:
1706 2009 1893 2062 alienis
1925 2026 1968 2060 25

196 2096 252 2132 se
295 2079 529 2151 negotiis
568 2080 821 2150 offerunt,
868 2098 1077 2151 semper
1114 2082 1319 2152 aliquid
1357 2082 1639 2153 agentibus
1679 2083 1891 2137 similes.

194 2154 389 2207 horum
442 2155 489 2208 si
542 2154 776 2224 aliquem
830 2158 1113 2210 exeuntem
1166 2175 1196 2210 e
1250 2156 1408 2211 domo
1460 2158 1893 2228 interrogaveris:

196 2227 329 2296 ‘quo
379 2229 477 2282 tu?
554 2229 683 2298 quid
734 2229 1002 2300 cogitas?
1076 2231 1420 2300 respondebit
1465 2231 1587 2285 tibi:
1637 2231 1771 2286 ‘non
1809 2251 1893 2285 me

136 2313 163 2352 3
194 2302 437 2356 hercules
476 2302 611 2373 scio;
648 2303 741 2357 sed
779 2304 988 2374 aliquos
1026 2304 1242 2374 videb0,
1281 2305 1484 2374 aliquid
1521 2306 1712 2376 agam?
1780 2306 1893 2359 sine

343 2431 374 2476 2
405 2435 489 2477 aut
525 2435 625 2478 tam
662 2434 896 2483 uniuersis
927 2435 974 2480 A
1017 2436 1056 2493 (t
1091 2437 1145 2480 in
1183 2437 1267 2480 aut
1303 2450 1339 2480 s.
1363 2450 1403 2481 v.
1429 2437 1536 2481 add.
1562 2435 1633 2481 A'
1659 2436 1892 2481 uniuersis

194 2492 248 2536 in
276 2506 368 2537 ras.
392 2507 477 2538 scr.
502 2493 588 2551 A⁶)
618 2493 635 2553 ΙΙ
668 2494 692 2538 7
725 2494 915 2539 incendi
944 2494 1074 2539 vivus
1099 2496 1361 2540 Pincianus
1391 2496 1604 2553 (accendi
1625 2497 1832 2553 praetuli
1854 2510 1890 2541 e.

197 2550 395 2597 Gr'mtero
437 2566 567 2597 succ·
605 2553 757 2610 Gertz)
802 2554 1014 2598 escendit
1053 2555 1208 2598 iussus
1242 2555 1289 2599 A
1330 2554 1356 2638 {L
1387 2555 1417 2600 8
1455 2555 1538 2599 sed
1580 2556 1688 2601 add.
1723 2557 1839 2613 volq.
1883 2555 1889 2614 Ι

195 2610 421 2667 superstjs
444 2612 492 2656 A
522 2625 635 2657 corr.
670 2613 785 2670 voly.
824 2613 841 2672 Η
878 2612 938 2657 10
973 2613 1256 2669 ptolfmefi
1286 2614 1332 2659 A
1384 2614 1400 2674 ΙΙ
1430 2613 1490 2659 13
1521 2628 1678 2658 susum
1702 2615 1764 2660 A.
1810 2628 1891 2670 ap-

186 2675 326 2726 paret
368 2670 584 2716 Senecam
636 2685 796 2716 susum
842 2685 899 2716 ac
945 2672 1138 2718 deosum
1182 2674 1415 2730 scripsisse
1458 2679 1514 2718 ut
1560 2687 1627 2730 ep.
1671 2677 1745 2728 91,
1776 2677 1836 2718 19
1876 2673 1893 2732 ΙΙ

194 2728 255 2773 20
291 2729 519 2786 pudorem
556 2730 888 2789 intellegamus
923 2733 970 2776 A
1007 2733 1129 2789 quod
1164 2737 1280 2778 recte
1314 2733 1519 2788 defendit
1539 2734 1667 2778 Aem.
1698 2733 1892 2778 stamas

196 2789 372 2845 (Herm.
408 2790 511 2835 XX
521 2791 651 2836 VIII
688 2795 808 2836 1893
841 2805 892 2848 p.
923 2794 1030 2849 286¹)
1077 2791 1294 2836 sudorem
1335 2792 1662 2850 intellegemus
1701 2792 1892 2896 6611)εὲ

194 2847 253 2893 21
295 2848 466 2893 inritus
505 2850 568 2894 sit
605 2850 705 2895 sine
744 2850 915 2895 effectu
949 2852 996 2896 A
1038 2851 1121 2907 cfr.
1154 2852 1327 2897 Vahlen
1355 2853 1409 2897 in
1441 2853 1591 2909 praef.
1625 2852 1729 2897 edit.
1759 2851 1862 2897 Koc

187 2921 237 2964 p.
263 2908 347 2952 IX
372 2908 389 2967 ΙΙ
418 2907 478 2954 28
509 2923 600 2966 (1110
631 2911 715 2954 tu?
746 2911 860 2968 volq.
894 2912 1041 2967 quotu
1063 2912 1110 2956 A
1142 2924 1233 2967 quo
1263 2913 1347 2955 tu?
1394 2913 1478 2956 aut
1512 2911 1647 2957 Gertz
