2028 3106
40 924 84 957 10

37 1295 81 1329 15

295 83 379 128 AD
412 81 770 128 GALLIONEM
800 81 882 126 DE
913 81 1062 126 VITA
1091 80 1298 126 BEATA
1328 79 1456 126 CAP.
1484 84 1554 126 19.
1580 83 1638 125 20
1706 81 1814 135 217

117 205 334 275 mirum,
366 222 490 260 cum
518 205 811 273 loquantur
840 204 1025 273 fortia,
1055 202 1318 275 ingentia,
1349 203 1524 257 omnis
1555 203 1816 256 humanas

116 283 459 350 tempestates
490 277 805 332 evadentia?
857 296 980 332 cum
1011 277 1235 349 refigere
1267 295 1323 331 se
1354 277 1603 332 crucibus
1627 294 1818 332 conen-

115 358 225 424 tur,
283 355 341 408 in
398 372 532 424 quas
586 352 954 422 unusquisque
1006 355 1244 406 vestrum
1297 351 1478 405 clavos
1529 370 1654 406 suos
1703 351 1819 421 ipse

115 429 307 500 adigit,
364 429 433 482 ad
490 426 817 497 supplicium
867 430 1049 480 tamen
1101 427 1208 482 acti
1263 425 1536 495 stipitibus
1590 425 1818 498 singulis

114 503 372 574 pendent;
423 502 504 571 hi,
555 500 649 570 qui
697 499 755 553 in
800 518 856 555 se
901 501 1008 570 ipsi
1053 501 1292 555 animum
1330 500 1636 570 advertunt,
1686 502 1819 570 quot

113 576 498 663 cupiditatibus
535 578 619 629 tot
657 575 904 629 crucibus
944 575 1326 629 distrahuntur.
1389 577 1445 629 at
1482 574 1729 628 maledici
1767 577 1821 628 et

113 653 172 705 ιιι
220 652 450 705 alienam
500 649 884 704 contumeliam
929 649 1142 703 venusti
1188 652 1327 703 sunt.
1404 649 1672 704 crederem
1710 648 1818 702 illis

112 725 220 780 hoc
268 743 478 795 vacare,
527 724 634 779 nisi
680 724 898 794 quidam
943 743 1010 779 ex
1055 723 1300 795 patibulo
1348 743 1445 779 suo
1494 725 1818 795 spectatores

114 803 483 871 conspuerent.

262 904 379 958 XX.
443 902 596 958 ‘Non
633 906 910 973 praestant
955 903 1270 975 philosophi
1317 920 1452 974 quae
1489 901 1820 974 loquuntur?

113 980 344 1033 multum
374 982 556 1032 tamen
585 981 860 1048 praestant
890 978 1035 1048 quod
1064 980 1383 1049 loquuntur,
1420 978 1566 1048 quod
1595 979 1821 1031 honesta

113 1057 292 1107 mente
345 1052 680 1122 concipiunt:
748 1071 983 1122 namque
1036 1053 1179 1107 idem
1233 1053 1280 1107 si
1344 1055 1400 1106 et
1458 1051 1611 1120 paria
1662 1051 1820 1105 dictis

111 1130 352 1199 agerent,
393 1127 522 1198 quid
560 1131 700 1182 esset
728 1127 838 1182 illis
867 1127 1115 1181 beatius?
1176 1126 1392 1179 interim
1421 1143 1532 1179 non
1563 1128 1646 1180 est
1676 1124 1822 1196 quod

112 1205 423 1256 contemnas
472 1202 616 1256 bona
665 1202 829 1255 verba
878 1204 934 1255 et
985 1200 1142 1255 bonis
1193 1199 1611 1272 cogitationibus
1661 1200 1822 1271 plena

111 1277 437 1347 praecordia.
505 1275 807 1330 studiorum
846 1276 1161 1330 salutarium
1199 1276 1362 1330 etiam
1401 1274 1535 1330 citra
1573 1275 1822 1330 effectum

110 1351 379 1405 laudanda
414 1351 664 1404 tractatio
703 1353 797 1406 est
869 1350 999 1421 quid
1038 1351 1257 1420 mirum,
1297 1351 1344 1405 si
1380 1369 1493 1404 non
1530 1350 1823 1405 escendunt
1852 1366 1878 1405 2

112 1427 170 1478 ιιι
207 1426 378 1478 altum
415 1424 581 1479 ardua
618 1425 894 1497 adgressi?
954 1425 1046 1479 sed
1078 1426 1124 1479 si
1155 1426 1240 1479 vir
1269 1443 1347 1494 es,
1386 1424 1621 1494 suspice,
1658 1425 1819 1478 etiam

114 1500 160 1552 si
206 1499 479 1568 decidunt,
530 1517 728 1572 magna
772 1499 1030 1554 conantis.
1109 1517 1368 1570 generosa
1416 1516 1500 1552 res
1540 1502 1622 1552 est
1657 1498 1821 1568 respi-

113 1573 343 1627 cientem
379 1592 491 1627 non
528 1574 596 1628 ad
634 1593 758 1629 suas
798 1574 891 1628 sed
930 1574 997 1627 ad
1034 1576 1256 1627 naturae
1296 1591 1423 1627 suae
1460 1573 1601 1626 vires
1637 1573 1822 1627 conari

111 1648 222 1702 alta
266 1650 528 1718 temptare
573 1652 627 1703 et
671 1652 850 1703 mente
888 1649 1095 1702 maiora
1133 1647 1436 1718 concipere,
1485 1665 1646 1717 quam
1686 1664 1821 1717 quae

112 1722 274 1777 etiam
312 1723 520 1794 ingenti
557 1724 738 1777 animo
778 1723 1050 1778 adornatis
1089 1722 1234 1777 effici
1272 1725 1513 1792 possunt
1585 1721 1679 1791 qui
1718 1722 1821 1776 sibi

110 1798 216 1853 hoc
253 1798 559 1869 proposuit.
610 1797 739 1870 ‘ego
778 1802 1009 1852 mortem
1047 1797 1235 1851 eodem
1274 1797 1428 1852 voltu
1466 1796 1821 1852 comoediam·

113 1890 216 1943 que
265 1873 471 1927 videbo.
556 1890 658 1945 ego
704 1873 1001 1942 laboribus,
1053 1872 1473 1944 quanticumque
1520 1872 1602 1926 illi
1648 1875 1822 1941 erunt,

261 2061 292 2107 2
320 2064 459 2109 verba
500 2077 607 2109 cum
650 2064 844 2123 refigere
878 2100 888 2109 .
916 2101 925 2110 .
960 2064 1116 2123 adigit
1160 2079 1265 2111 cwm
1306 2065 1372 2110 eis
1411 2078 1528 2122 quae
1568 2069 1821 2122 sequuntur

111 2122 435 2180 eoniunqenda
464 2137 554 2169 esse
582 2124 701 2170 vidit
733 2124 889 2181 Gertz,
921 2139 1052 2183 quem
1081 2126 1135 2170 in
1165 2130 1256 2171 toto
1281 2125 1365 2170 hoc
1386 2125 1483 2170 loco
1506 2124 1821 2171 constituendo

111 2187 293 2228 mcum
331 2195 455 2236 sum,
497 2196 774 2241 quamquam
813 2198 872 2229 ne
912 2186 980 2230 sic
1018 2184 1199 2242 quidem
1237 2185 1527 2230 mmdiatum
1565 2184 1783 2253 intellego
1804 2183 1822 2243 Η

113 2241 143 2287 4
174 2240 331 2300 adigit
355 2242 516 2287 eret
545 2242 695 2289 adicit
717 2245 762 2289 A
792 2244 810 2304 ΙΙ
839 2243 870 2289 6
897 2245 949 2288 at
973 2243 1185 2290 Erasm.¹
1208 2244 1293 2288 aut
1314 2245 1359 2288 A
1394 2244 1400 2303 ί
1435 2243 1660 2289 maledici
1691 2245 1740 2289 et
1769 2243 1820 2288 in

114 2301 248 2347 Koch
270 2299 395 2345 male
396 2299 647 2360 dicilssin
671 2305 714 2360 (1
729 2309 814 2349 emt
835 2306 868 2349 2
891 2304 977 2349 litt.
995 2305 1130 2360 eras.)
1147 2305 1191 2348 A
1214 2302 1483 2350 maledice
1468 2319 1519 2348 ιιι
1543 2303 1601 2349 al.
1622 2302 1821 2362 Madvig

115 2346 463 2415 distrahuntur,
496 2362 637 2406 avent
658 2363 963 2418 maledicere,
987 2363 1038 2407 ιιι
1062 2362 1264 2409 alienam
1300 2377 1339 2408 c.
1355 2377 1396 2408 v.
1416 2376 1451 2408 s.
1474 2364 1577 2409 Joh
1597 2363 1775 2409 Micller
1790 2317 1821 2422 ΙΙ

115 2419 140 2464 7
173 2426 280 2466 ante
310 2420 547 2466 crederem
572 2421 772 2481 Madviq
799 2423 878 2468 vix
908 2428 991 2468 aut
1021 2437 1116 2469 non
1145 2423 1409 2469 addendum
1436 2429 1609 2478 (ξενικὴ
1634 2422 1712 2468 sed
1732 2423 1818 2479 cfr,

114 2478 423 2527 Joh.Ma11er
453 2479 1062 2542 Krit.8m‹1,1p.26sq.1
1107 2483 1137 2528 8
1166 2495 1346 2541 nagare
1368 2482 1414 2526 A
1456 2481 1462 2542 1
1505 2496 1589 2528 suo
1622 2482 1820 2541 Madvig]

115 2551 224 2583 suo·
250 2541 295 2584 A
316 2541 334 2598 ΙΙ
355 2540 415 2585 10
437 2539 690 2597 loquentur
710 2542 755 2585 A
778 2555 891 2588 cor-r.
917 2543 991 2588 vol
1111 2541 1170 2587 12
1199 2554 1404 2597 namque
1434 2541 1561 2588 idem
1593 2542 1820 2588 Schultess

115 2597 219 2655 (cfr.
245 2612 313 2666 ep.
338 2603 411 2655 95,
427 2602 504 2658 64)
542 2611 653 2644 nam
685 2599 876 2656 quidem
907 2603 951 2646 A
982 2600 1056 2661 11
1125 2601 1251 2646 uires
1282 2614 1397 2646 corr.
1422 2615 1478 2647 ex
1507 2601 1624 2647 uiris
1647 2602 1774 2646 A¹··¹
1805 2602 1816 2671 1

115 2670 291 2703 conari.
353 2657 453 2704 alta
493 2613 728 2717 temptat&
766 2664 811 2705 A
852 2675 967 2707 corr.
1003 2660 1196 2715 Vahlen,
1235 2674 1339 2706 eum
1368 2667 1507 2708 oentea
1536 2666 1622 2707 aut
1658 2672 1819 2706 conari

116 2716 238 2773 alta,
267 2719 502 2776 temptare
531 2724 616 2766 aut
654 2719 836 2775 conari,
868 2720 968 2767 alta
998 2722 1033 2766 t.
1064 2720 1335 2766 scribes-etum
1370 2720 1388 2781 ΙΙ
1423 2720 1485 2767 20
1514 2721 1672 2766 mente
1701 2733 1815 2767 corr.

114 2789 173 2822 ex
203 2779 408 2824 mentem
432 2781 477 2824 A
509 2779 528 2840 ΙΙ
563 2777 625 2825 22
655 2779 1040 2851 comoediamque
1066 2779 1264 2839 Madviq
1295 2793 1400 2826 cum
1433 2780 1626 2826 audiam
1657 2792 1750 2837 quo
1771 2781 1818 2825 A

114 2849 208 2893 quo
231 2837 516 2884 manducum
543 2838 679 2885 Gertz
702 2851 796 2896 quo
819 2838 882 2884 ad
904 2838 1093 2886 Uticam
1118 2838 1234 2885 Cato
1258 2839 1484 2887 Schultess
1507 2853 1594 2899 ego
1619 2841 1817 2886 mortem

115 2908 322 2942 meorum
355 2897 517 2944 eodem
549 2897 682 2944 vultu
702 2852 1053 2957 t².11di2³.m‚quo
1084 2912 1238 2945 meam
1269 2898 1437 2946 videbo
1470 2901 1525 2946 P.
1556 2900 1750 2946 Thomas

1937 1269 1955 1398 x
