2028 3106
167 41 274 95 318
495 30 544 82 L'.
569 34 807 80 ANNAEI
838 34 1111 80 SENECAE
1142 36 1301 81 DIAL.
1326 35 1437 80 LIB.
1461 34 1540 80 XI.

169 157 413 213 secundis
461 157 542 211 uti
589 157 803 210 dextere
843 155 1001 226 scias,
1048 175 1117 210 an
1157 161 1210 211 et
1249 158 1494 211 adversas
1533 156 1706 226 possis
1746 157 1869 210 viri-

167 234 291 287 liter
336 231 496 301 ferre:
545 231 898 285 observantur
945 232 1088 285 oculi
1133 232 1228 285 tui.
1305 231 1556 286 liberiora
1594 234 1719 284 sunt
1759 250 1868 284 om-

167 307 257 360 nia
295 306 382 375 iis,
431 324 661 375 quorum
701 304 920 357 affectus
959 306 1072 376 tegi
1109 310 1359 376 possunt3
1406 306 1505 360 tibi
1543 306 1753 359 nullum
1793 323 1869 359 se-

169 384 373 435 cretum
419 381 648 434 liberum
688 381 781 432 est.
859 378 916 431 in
954 381 1125 434 multa
1161 381 1282 434 luce
1320 380 1538 434 fortuna
1574 383 1628 433 te
1667 379 1870 449 posuit;

170 473 353 510 omnes
394 455 584 524 scient,
626 452 896 524 quomodo
935 457 989 508 te
1027 455 1085 508 in
1115 454 1220 508 isto
1253 457 1347 508 tuo
1380 455 1606 526 gesseris
1637 455 1870 520 vulnere,
1925 471 1944 505 ε

168 533 419 584 utrumne
452 530 634 585 statim
666 545 949 598 percussus
981 548 1130 583 arma
1161 529 1490 583 summiseris
1523 549 1592 583 an
1622 529 1679 583 in
1702 529 1871 601 gradu

171 606 393 659 steteris.
472 605 603 659 olim
641 607 694 656 te
726 602 783 655 in
814 602 1060 657 altiorem
1094 604 1336 658 ordinem
1368 606 1420 657 et
1452 623 1604 658 amor
1635 603 1871 659 Caesaris

170 681 361 734 extulit
392 683 446 734 et
477 683 571 734 tua
603 677 780 733 studia
803 676 1114 741 eduxerunt.
1176 678 1314 732 nihil
1336 681 1390 731 te
1414 679 1684 747 plebeium
1708 679 1875 748 decet,

168 755 306 809 nihil
342 755 561 808 humile.
640 751 768 821 quid
808 755 985 806 autem
1025 757 1137 807 tam
1175 753 1379 807 humile
1411 770 1473 806 ac
1504 754 1761 808 muliebre
1794 756 1875 808 est

171 849 332 900 quam
372 827 795 883 consumendum
836 843 891 879 se
931 827 1106 882 dolori
1145 826 1517 882 committere?
1590 846 1702 881 non
1731 829 1874 882 idem
1907 846 1949 879 10

169 905 269 958 tibi
308 904 365 957 in
402 905 554 957 luctu
593 901 710 972 pari
751 900 894 969 quod
933 902 1040 955 tuis
1079 902 1335 956 fratribus
1375 901 1526 970 licet3
1564 902 1736 955 multa
1773 903 1876 955 tibi

168 997 280 1034 non
310 976 575 1047 permittit
608 974 789 1044 opinio
823 973 886 1027 de
919 977 1111 1030 studiis
1145 995 1207 1031 ac
1238 976 1476 1030 moribus
1508 975 1615 1027 tuis
1646 980 1874 1046 recepta,

170 1053 400 1105 multum
441 1071 472 1104 a
510 1054 563 1104 te
602 1050 847 1103 homines
888 1050 1135 1122 exigunt,
1181 1053 1414 1105 multum
1454 1051 1751 1118 expectant,
1831 1051 1877 1104 si

170 1125 386 1178 volebas
441 1125 537 1177 tibi
596 1124 776 1177 omnia
827 1122 1011 1194 licere,
1062 1145 1130 1179 ne
1182 1124 1532 1180 convertisses
1580 1123 1637 1176 in
1682 1126 1735 1175 te
1783 1142 1876 1177 ora

172 1198 435 1252 omnium:
481 1216 626 1251 nunc
663 1201 875 1250 tantum
914 1198 1013 1252 tibi
1051 1200 1430 1269 praestandum
1471 1200 1575 1266 est,
1614 1199 1875 1266 quantum
1908 1217 1950 1250 ιο

169 1271 477 1343 promisisti.
557 1288 742 1324 omnes
790 1271 894 1340 illi,
941 1274 1034 1342 qui
1081 1292 1244 1344 opera
1281 1273 1484 1346 ingenii
1522 1271 1603 1324 tui
1640 1270 1875 1336 laudant,

172 1347 264 1418 qui
304 1345 633 1414 describunt,
672 1345 890 1415 quibuS,
930 1365 1052 1401 cum
1092 1350 1311 1403 fortuna
1348 1353 1443 1402 tua
1483 1363 1618 1417 opus
1648 1364 1760 1398 non
1792 1344 1876 1414 sit,

170 1421 386 1494 ingenio
435 1437 569 1490 opus
611 1423 714 1489 est,
761 1421 1005 1475 custodes
1046 1424 1212 1477 animi
1251 1424 1331 1477 tui
1371 1425 1510 1477 sunt.
1586 1419 1724 1473 nihil
1761 1437 1876 1472 um-

172 1515 332 1566 quam
371 1495 447 1548 ita
484 1498 637 1565 potes
677 1494 958 1565 indignum
997 1497 1172 1552 facere
1209 1498 1434 1567 perfecti
1465 1500 1519 1551 et
1550 1493 1744 1549 eruditi
1775 1493 1877 1547 viri

169 1570 524 1642 professione,
576 1571 638 1622 ut
690 1587 801 1621 non
854 1571 1053 1625 multos
1108 1573 1477 1627 admirationis
1532 1571 1596 1624 de
1650 1572 1703 1622 te
1750 1586 1877 1622 suae
1907 1589 1952 1624 κο

170 1645 452 1716 paeniteat.
529 1661 641 1696 non
678 1643 805 1697 licet
842 1644 942 1697 tibi
981 1646 1107 1700 fiere
1145 1647 1455 1716 immodice,
1491 1663 1590 1699 nec
1628 1643 1732 1697 hoc
1763 1645 1878 1696 tan-

170 1719 451 1773 tummodo
499 1736 610 1771 non
654 1717 803 1787 licet3
848 1737 916 1772 ne
956 1737 1205 1775 somnum
1247 1722 1463 1791 quidem
1502 1718 1784 1774 extendere
1822 1717 1879 1769 in

172 1797 379 1865 partem
429 1792 534 1845 diei
572 1792 699 1845 licet
738 1795 832 1845 aut
870 1812 901 1845 a
938 1796 1178 1850 tumultu
1215 1815 1394 1850 rerum
1434 1796 1491 1848 in
1530 1794 1700 1848 otium
1739 1791 1878 1845 ruris

173 1869 341 1940 quieti
391 1867 680 1938 confugere
731 1870 825 1919 aut
871 1868 1084 1923 assidua
1128 1870 1386 1925 laboriosi
1435 1869 1603 1924 officii
1650 1866 1878 1922 statione

171 1944 458 2016 fatigatum
497 1958 691 2011 corpus
723 1941 1029 2010 voluptaria
1058 1946 1488 2017 peregrinatione
1519 1961 1755 1998 recreare
1786 1944 1881 1996 aut
1911 1962 1954 1995 π

173 2018 602 2090 spectaculorum
653 2016 910 2069 varietate
960 2017 1199 2071 animum
1251 2019 1486 2073 detinere
1533 2021 1626 2072 aut
1672 2036 1739 2071 ex
1783 2019 1878 2070 tuo

173 2093 393 2148 arbitrio
441 2092 582 2146 diem
631 2089 925 2160 disponere.
1004 2090 1140 2162 [26]
1189 2094 1360 2147 multa
1405 2093 1507 2147 tibi
1551 2110 1663 2146 non
1699 2091 1878 2158 licent,

175 2186 309 2237 quae
347 2166 666 2222 humillimis
707 2167 760 2218 et
797 2164 855 2217 in
894 2166 1092 2235 angulo
1132 2167 1428 2222 iacentibus
1459 2167 1646 2222 licent:
1685 2182 1880 2235 magna

323 2315 349 2358 1
371 2315 443 2359 uti
467 2315 657 2360 dextere
682 2311 973 2369 Bonyarsius
1004 2311 1076 2355 uti
1099 2312 1150 2365 id
1173 2315 1330 2358 extere
1349 2315 1395 2359 Β
1425 2314 1499 2358 uti
1522 2313 1572 2358 id
1597 2322 1811 2357 exercere
1828 2308 1887 2352 H

173 2374 247 2418 uti
270 2375 318 2418 et
340 2375 388 2419 te
413 2388 626 2420 exercere
650 2373 762 2419 DE
790 2370 1036 2428 indulgere
1062 2371 1106 2415 V
1128 2372 1145 2431 Η
1173 2372 1203 2417 3
1228 2374 1288 2417 iis
1311 2374 1424 2419 DE
1450 2373 1543 2417 hiis
1568 2373 1628 2417 H
1650 2370 1724 2414 his
1748 2367 1850 2413 BV
1871 2367 1875 2424 Ι

174 2433 275 2491 tegi
309 2434 420 2479 DE
464 2434 566 2492 regi
597 2435 711 2479 ΒΗ
750 2433 766 2491 Η
811 2431 841 2475 6
870 2430 1048 2487 {gradu
1079 2431 1126 2475 B
1168 2432 1383 2490 ingratus
1417 2433 1456 2479 0
1495 2432 1512 2491 Η
1552 2431 1581 2476 8
1619 2428 1881 2474 eduxerunt

175 2494 375 2552 Madvig
406 2493 702 2538 deduxerunt
737 2493 775 2538 O
811 2493 827 2551 Η
869 2490 928 2535 15
959 2491 1144 2534 tantum
1171 2492 1367 2551 Bentley
1399 2494 1556 2537 autem
1582 2489 1695 2535 BH
1721 2487 1879 2531 autem

174 2554 361 2598 tantum
393 2553 506 2598 DE
513 2554 557 2599 V
589 2554 606 2613 Η
646 2553 706 2598 16
743 2549 1002 2610 promisisti
1033 2549 1184 2594 omnis
1215 2551 1288 2595 illi
1322 2587 1330 2595 .
1367 2587 1377 2596 .
1411 2565 1528 2609 opus
1560 2550 1632 2594 est
1663 2545 1879 2591 custodes

175 2614 287 2659 DE
314 2628 428 2659 corr,
454 2613 649 2670 Lipsius
681 2610 941 2670 promisisti
971 2608 1188 2654 omnibus
1220 2610 1315 2655 illis
1348 2647 1359 2657 .
1393 2646 1403 2656 .
1437 2624 1554 2667 opus
1586 2608 1669 2652 est.
1728 2607 1880 2651 custo-

177 2673 258 2717 des
282 2674 398 2719 BH
411 2672 428 2734 Η
458 2672 518 2718 19
540 2672 740 2729 perfecti
764 2673 912 2718 ‘vetus
934 2670 1065 2715 lectio
1088 2670 1333 2715 Pinciani’
1358 2676 1402 2716 et
1422 2683 1545 2715 unus
1568 2667 1672 2712 Pal.
1694 2665 1883 2712 Gruteri

175 2731 378 2788 profecti
412 2733 451 2779 O
486 2731 504 2792 Η
543 2731 604 2777 22
634 2732 766 2778 licet:
807 2745 865 2777 ne
896 2729 1094 2787 Bentley
1131 2729 1245 2774 licet
1275 2744 1362 2775 nec
1385 2730 1499 2775 ΒΗ
1531 2727 1643 2772 licet
1673 2724 1764 2770 tibi
1794 2740 1881 2772 nec

176 2791 289 2836 DE
314 2791 332 2851 Η
367 2792 429 2838 24
459 2791 610 2849 quieti
636 2793 680 2838 V
703 2798 745 2838 et
774 2806 899 2837 unus
931 2789 1122 2836 Gruteri
1160 2789 1333 2845 quietis
1370 2789 1407 2834 O
1435 2788 1452 2847 Η
1490 2786 1549 2832 26
1581 2799 1636 2830 ex
1666 2786 1749 2831 tuo
1774 2787 1889 2831 ΒΗ

176 2851 259 2895 tuo
282 2851 396 2897 DE
420 2851 437 2911 Η
465 2851 526 2897 28
556 2851 821 2898 iacentibus
859 2851 896 2897 O
934 2846 1192 2894 latentibus
1226 2849 1495 2904 Wesenberq
