2034 3086
0 2890 3 2930 Ι

0 2949 5 2998 ³

0 3013 4 3033 1

568 60 649 106 DE
681 60 787 105 IRA
816 58 928 105 LIB.
953 58 987 104 1.
1043 57 1173 104 CAP.
1202 61 1269 102 13.
1297 61 1366 102 14.
1395 60 1450 102 15
1790 55 1860 110 61

157 187 395 242 animum
433 188 488 238 et
518 184 774 255 ignavum
805 181 1050 252 paullum
1080 181 1342 235 adlevant.
1396 196 1554 235 nemo
1587 176 1863 231 irascendo
1897 190 1923 231 5

157 263 220 316 fit
257 260 473 329 fortior,
509 258 617 313 nisi
655 257 751 327 qui
788 256 946 310 fortis
985 256 1100 310 sine
1139 256 1219 308 ira
1248 273 1360 308 non
1390 253 1593 307 fuisset.
1648 252 1724 306 ita
1753 268 1866 305 non

158 338 216 390 in
253 334 580 389 adiutorium
617 331 834 386 virtutis
865 331 1034 400 venit,
1074 330 1167 384 sed
1204 330 1263 383 in
1292 330 1478 383 vicem.
1535 327 1667 398 quid
1705 326 1865 396 quod,

158 412 205 465 si
233 411 437 465 bonum
461 411 601 463 esset
622 408 725 476 ira,
756 405 1206 477 perfectissimum
1231 422 1497 475 quemque
1522 400 1868 473 sequeretur?

106 504 128 537 5
158 486 310 556 atqui
347 482 742 538 iracundissimi
780 481 1011 534 infantes
1051 498 1310 550 senesque
1348 482 1403 534 et
1441 478 1589 550 aegri
1628 479 1775 546 sunt,
1814 479 1868 529 et

160 560 455 615 invalidum
487 576 645 612 omne
681 559 875 610 natura
914 555 1198 626 querulum
1238 557 1331 608 est.

307 632 452 689 XIV.
504 632 650 687 ‘Non
695 630 893 702 potest’
931 630 1110 700 inquit
1147 628 1305 683 ‘fieri'
1343 628 1747 700 Theophrastus
1787 626 1868 680 ‘ut

44 751 50 760 -
158 729 270 765 non
306 710 391 763 vir
426 709 601 763 bonus
639 708 901 761 irascatur
938 703 1130 759 malis?
1183 705 1289 758 isto
1328 704 1489 758 modo
1531 721 1638 774 quo
1677 702 1870 756 melior

160 786 408 857 quisque,
453 784 559 838 hoc
605 781 913 836 iracundior
950 781 1073 834 erit:
1111 779 1234 833 vide
1271 797 1340 832 ne
1379 782 1567 833 contra
1605 777 1870 849 placidior

0 892 1 930 3
85 880 130 912 ιο
160 861 475 930 solutusque
521 858 799 912 affectibus
839 860 893 910 et
930 856 1019 910 cui
1056 873 1215 910 nemo
1263 853 1388 908 odio
1436 855 1519 907 sit.
1596 852 1868 938 peccantis

160 953 286 990 vero
341 935 472 1005 quid
525 934 687 988 habet
732 950 828 987 cur
870 931 1064 1001 oderit,
1118 948 1242 985 cum
1288 947 1437 983 error
1474 929 1599 983 illos
1638 947 1696 982 in
1733 928 1870 982 eius·

161 1010 307 1065 modi
353 1009 548 1064 delicta
586 1006 898 1078 conpellat?-
969 1025 1082 1060 non
1126 1008 1209 1060 est
1254 1007 1435 1059 autem
1473 1003 1753 1075 prudentis
1791 1021 1871 1056 er-

158 1086 328 1140 rantis
368 1085 566 1155 odisse3
604 1083 809 1153 alioqui
847 1082 963 1152 ipse
1002 1081 1107 1135 sibi
1146 1080 1271 1135 odio
1303 1080 1418 1134 erit.
1474 1079 1677 1151 cogitet
1708 1096 1870 1148 quam

161 1161 331 1215 multa
368 1163 557 1214 contra
594 1159 796 1213 bonum
835 1174 1041 1211 morem
1081 1156 1280 1226 faciat,
1308 1173 1471 1225 quam
1509 1154 1682 1208 multa
1711 1171 1779 1207 ex
1809 1153 1870 1220 is,

89 1257 131 1291 ιε
161 1254 298 1307 quae
336 1235 471 1307 egit,
502 1235 714 1288 veniam
745 1232 1067 1287 desiderent:
1106 1232 1214 1285 iam
1253 1231 1513 1285 irascetur
1551 1229 1714 1283 etiam
1753 1227 1869 1281 sibi.

160 1329 334 1381 neque
372 1310 516 1364 enim
554 1327 711 1364 aecus
743 1307 905 1362 iudex
943 1308 1104 1361 aliam
1144 1306 1209 1360 de
1249 1324 1367 1375 sua,
1406 1305 1569 1359 aliam
1601 1304 1666 1358 de
1697 1303 1872 1357 aliena

161 1403 322 1441 causa
367 1385 685 1439 sententiam
724 1383 841 1437 fert.
920 1400 1101 1451 nem0,
1153 1382 1397 1452 inquam,
1436 1380 1739 1434 invenietur
1778 1378 1873 1448 qui

161 1479 218 1515 se
255 1460 428 1532 possit
467 1459 764 1529 absolvere,
804 1461 858 1512 et
895 1457 1237 1511 innocentem
1277 1456 1505 1526 quisque
1537 1473 1593 1509 se
1626 1454 1758 1508 dicit
1794 1471 1874 1507 re-

161 1536 393 1607 spiciens
443 1538 656 1603 testem,
706 1551 817 1588 non
865 1532 1262 1587 conscientiam.
1341 1532 1544 1601 quanto
1583 1528 1872 1584 humanius

87 1632 133 1667 ιο
163 1611 347 1665 mitem
380 1613 435 1664 et
464 1610 700 1680 patrium
732 1609 972 1663 animum
996 1610 1269 1678 praestare
1292 1605 1640 1677 peccantibus
1664 1607 1719 1658 et
1748 1604 1873 1658 illos

160 1704 272 1741 non
309 1685 580 1756 persequi,
619 1684 713 1739 sed
750 1684 1022 1738 revocare!
1083 1685 1350 1737 errantem
1389 1700 1486 1752 per
1523 1698 1683 1752 agros
1723 1680 1876 1751 igno-

161 1761 337 1815 rantia
373 1760 490 1814 viae
538 1760 729 1814 melius
775 1762 858 1813 est
896 1758 964 1813 ad
1002 1761 1208 1813 rectum
1247 1757 1350 1811 iter
1387 1756 1671 1810 admovere
1711 1772 1874 1825 quam

162 1836 442 1906 expellere.

311 1908 430 1965 XV.
471 1908 832 1982 Corrigendus
886 1911 969 1963 est
1022 1908 1226 1978 itaque,
1281 1906 1376 1978 qui
1429 1907 1640 1977 peccat,
1687 1907 1741 1959 et
1787 1903 1876 1958 ad-

89 2006 134 2040 n
163 1986 459 2040 monitione
497 1988 552 2039 et
589 1986 667 2054 vi,
713 1987 768 2038 et
805 1984 1042 2038 molliter
1079 1986 1134 2038 et
1172 2000 1380 2053 aspere,
1427 1981 1725 2051 meliorque
1762 1981 1876 2033 tam

164 2060 267 2115 sibi
321 2079 483 2131 quam
538 2060 659 2115 aliis
706 2058 983 2114 faciendus
1029 2076 1142 2113 non
1187 2058 1302 2113 sine
1352 2055 1729 2128 castigatione,
1784 2054 1878 2109 sed

165 2136 279 2189 sine
318 2136 420 2207 ira3
469 2135 591 2207 quis
630 2134 774 2189 enim
813 2134 902 2189 cui
940 2133 1182 2188 medetur
1220 2131 1506 2187 irascitur}>
1582 2133 1639 2185 at
1677 2129 1877 2202 corrigi

165 2214 439 2281 nequeunt
485 2210 731 2281 nihilque
782 2210 839 2263 in
890 2209 999 2263 illis
1048 2209 1169 2263 lene
1209 2211 1303 2263 aut
1341 2207 1457 2278 spei
1494 2206 1667 2261 bonae
1706 2223 1879 2276 capax

166 2288 268 2339 est:
322 2286 585 2339 tollantur
622 2304 651 2339 e
691 2288 848 2339 coetu
902 2284 1212 2338 mortalium
1266 2282 1462 2337 facturi
1508 2282 1693 2352 peiora
1740 2298 1877 2351 quae

92 2381 137 2415 ao
166 2360 510 2432 contingunt,
557 2364 612 2414 et
661 2378 769 2430 quo
819 2377 928 2413 uno
976 2358 1136 2413 modo
1183 2360 1413 2429 possunt
1458 2356 1704 2411 desinant
1749 2354 1878 2409 mali

167 2452 303 2504 esse,
353 2435 446 2489 sed
495 2435 599 2490 hoc
650 2435 764 2489 sine
815 2434 954 2488 odio.
1033 2433 1164 2504 quid
1202 2433 1346 2487 enim
1385 2435 1487 2502 est,
1538 2450 1635 2486 cur
1674 2429 1878 2485 oderim

240 2612 250 2622 α
318 2550 343 2597 1
370 2550 598 2597 adlenant
623 2565 736 2598 corr.
762 2553 816 2597 in
838 2550 926 2597 all·
947 2550 1056 2607 fort.
1079 2550 1150 2597 A¹
1171 2551 1189 2611 ΙΙ
1214 2550 1239 2596 7
1264 2549 1567 2607 theoprastus
1591 2549 1664 2604 A;
1686 2548 1880 2604 suerunt

167 2626 248 2717 31(st
289 2625 453 2658 nomen
494 2612 647 2659 abesse
684 2611 897 2658 mallant.-
938 2611 1139 2667 flustra,
1176 2615 1230 2657 ut
1272 2610 1446 2656 Vahlen
1483 2609 1680 2655 ostendit
1720 2608 1877 2654 Herm.

224 2670 327 2718 XX
348 2674 503 2730 (1896)
630 2708 638 2717 .
662 2675 723 2718 27
764 2674 770 2730 Ι
800 2671 860 2718 10
883 2671 1126 2730 peccantis
1150 2672 1197 2717 A
1219 2670 1299 2717 sed
1322 2685 1354 2715 n
1374 2684 1409 2716 s.
1427 2685 1468 2716 v.
1486 2669 1592 2715 add.
1609 2668 1717 2725 fort.
1735 2683 1791 2714 m.
1814 2673 1839 2713 1
1863 2665 1880 2726 ΙΙ

171 2730 229 2777 14
258 2731 300 2777 i·
332 2731 453 2779 Rosa
597 2732 674 2790 (iio
757 2733 983 2791 camber-9)
1016 2730 1091 2777 hin
1122 2731 1168 2777 A
1208 2731 1226 2790 ΙΙ
1268 2730 1328 2776 16
1359 2743 1468 2791 ecus
1500 2729 1570 2776 A¹
1599 2729 1677 2775 sed
1708 2741 1734 2774 c
1764 2729 1817 2773 in
1849 2743 1879 2785 q

170 2796 279 2838 mut.
306 2790 376 2838 A'
403 2794 421 2850 11
449 2790 507 2837 21
535 2797 642 2850 poet
670 2792 890 2850 persequi
922 2805 1038 2838 eras.
1071 2803 1120 2836 ne
1152 2796 1236 2837 aut
1265 2805 1287 2836 s
1318 2792 1371 2836 in
1395 2791 1440 2837 A
1470 2789 1487 2849 Η
1515 2788 1576 2835 22
1608 2788 1669 2834 ad
1698 2790 1878 2834 rectum

171 2851 262 2896 iter
285 2851 329 2897 L
360 2857 400 2897 et
430 2852 544 2911 voly.
579 2850 800 2897 affectum
833 2852 926 2898 iter
948 2853 994 2898 A
1026 2852 1044 2911 ΙΙ
1079 2850 1140 2897 28
1172 2850 1275 2898 lene
1307 2862 1335 2896 ς
1365 2849 1470 2897 leue
1495 2851 1540 2896 A
1571 2850 1587 2909 ΙΙ
1625 2848 1683 2895 81
1717 2847 1799 2894 sed
1832 2850 1880 2893 et

173 2911 260 2957 hoc
290 2912 391 2957 sine
422 2912 531 2958 odio
561 2912 663 2959 Joh.
692 2912 869 2959 Mamer

1902 640 1926 681 1

1902 865 1928 905 2
