2028 3106
394 69 477 114 AD
509 68 827 115 POLYBIVM
858 68 939 113 DE
971 67 1436 114 CONSOLATIONE
1469 67 1596 113 CAP.
1625 72 1680 112 12
1781 68 1888 123 327

185 193 568 248 difficillimum
608 196 745 261 erat,
784 209 969 246 omnes
1000 191 1227 245 virtutes
1259 191 1317 244 in
1347 190 1578 244 alienam
1609 193 1664 243 te
1696 188 1891 243 oratio-

183 287 308 322 nem
347 271 560 322 secutae
599 268 708 320 sint
741 285 834 318 —z
873 266 1055 320 nullus
1096 266 1199 320 erit
1239 265 1297 319 in
1335 265 1443 318 illis
1485 264 1700 334 scriptis
1738 263 1893 332 liber,

186 344 280 413 qui
339 361 451 396 non
510 342 745 411 plurima
805 341 1082 395 varietatis
1135 341 1402 394 humanae
1455 339 1892 409 incertorumque

185 435 406 473 casuum
455 420 510 470 et
545 416 890 471 lacrimarum
931 435 997 470 ex
1035 416 1142 469 alia
1180 418 1341 486 atque
1381 414 1487 468 alia
1526 432 1687 468 causa
1725 413 1891 467 fluen—
1958 447 1961 450 -

133 513 154 547 5
184 494 322 547 tium
369 492 615 561 exempla
659 491 763 545 tibi
801 495 1069 563 suggerat.
1146 491 1289 561 lege,
1337 491 1538 559 quanto
1580 488 1775 558 spiritu
1814 488 1891 540 in·
1926 501 1951 541 6

185 566 435 696 gpntibus
477 565 800 695 ffiwHUZffl·
827 565 1303 693 verbiszffipgfiebig
1346 567 1408 649 te·
1446 562 1625 617 subito
1666 563 1892 617 deficere

184 661 213 696 e
278 660 344 695 ex
407 660 477 695 an
573 658 667 694 ora
713 658 832 694 onis
864 659 917 694 m
1074 658 1109 692 11
1149 657 1237 693 ine
1305 655 1573 693 esciscere.
1650 656 1719 691 ne
1751 655 1893 692 com-

183 716 415 785 miseris,
460 719 524 769 ut
570 715 815 786 quisquis
865 659 1186 785 ειῖΞὲἕῙατίε
1226 714 1388 768 1110ᾱο
1429 712 1627 784 scripta
1664 715 1760 766 tua
1797 713 1894 765 mi-

183 791 405 846 rabatur
450 794 675 860 quaerat
722 790 992 860 quomodo
1040 792 1153 843 tam
1200 789 1427 861 grandia
1463 791 1682 857 tamque
1721 785 1895 841 solida

111 886 154 920 10
183 870 295 920 tam
332 865 542 937 fragilis
581 864 792 920 animus
832 864 1153 936 conceperit.

334 954 453 1009 XII.
514 954 704 1010 Potius
751 955 817 1009 ab
864 955 982 1009 istis
1030 957 1109 1024 te,
1156 972 1292 1025 quae
1330 956 1609 1023 torquent,
1656 952 1723 1006 ad
1758 951 1894 1005 haec
1927 964 1951 1004 1

183 1035 269 1086 tot
321 1034 376 1085 et
424 1033 598 1099 tanta,
653 1049 791 1100 quae
844 1030 1218 1098 consolantur,
1272 1031 1523 1083 converte
1575 1045 1638 1082 ac
1688 1026 1894 1097 respice

185 1105 421 1176 optimos
471 1104 689 1174 fratres,
737 1104 943 1174 respice
993 1121 1239 1173 uxorem,
1291 1102 1466 1156 filium
1515 1101 1743 1172 respice:
1794 1119 1893 1171 pro

184 1179 427 1234 omnium
464 1179 661 1233 horum
699 1179 873 1234 salute
911 1180 1014 1233 hac
1051 1182 1231 1233 tecum
1269 1177 1521 1248 portione
1558 1176 1778 1230 fortuna
1809 1176 1895 1229 de-

110 1275 152 1309 15
184 1254 330 1310 cidit.
406 1255 609 1309 multos
659 1254 849 1324 habes,
897 1255 955 1307 in
1008 1254 1203 1324 quibus
1243 1251 1571 1322 adquiescas.
1650 1249 1786 1322 [31.]
1826 1250 1894 1303 ab
1936 1291 1938 1295 y
1995 1272 2001 1276 ’

182 1329 287 1385 hac
324 1333 379 1384 te
409 1328 634 1383 infamia
662 1329 896 1399 vindica,
938 1346 1007 1383 ne
1038 1329 1282 1382 videatur
1313 1327 1564 1381 omnibus
1596 1327 1719 1396 plus
1751 1325 1894 1396 apud

183 1409 239 1459 te
289 1405 467 1458 valere
517 1421 657 1457 unus
709 1403 867 1458 dolor
916 1422 1079 1475 quam
1129 1403 1263 1457 haec
1307 1405 1421 1455 tam
1468 1402 1642 1455 multa
1681 1400 1893 1455 solacia.

186 1479 361 1533 omnis
408 1479 542 1533 istos
588 1497 698 1532 una
734 1481 916 1534 tecum
955 1479 1233 1549 perculsos
1272 1476 1420 1530 vides
1459 1493 1559 1530 nec
1598 1493 1756 1546 posse
1795 1475 1895 1529 tibi
1927 1488 1953 1527 2

185 1553 491 1624 subvenire,
541 1552 709 1608 immo
757 1555 919 1608 etiam
965 1555 1110 1608 ultro
1158 1555 1463 1623 expectare,
1510 1554 1574 1605 ut
1612 1569 1644 1604 a
1681 1553 1735 1604 te
1774 1550 1895 1604 sub-

110 1649 154 1683 20
182 1630 455 1699 leventur,
492 1629 786 1701 intellegis3
826 1632 881 1683 et
919 1629 1040 1683 ideo
1082 1632 1285 1698 quanto
1325 1627 1503 1680 minus
1543 1626 1601 1679 in
1631 1625 1740 1680 illis
1774 1625 1896 1679 doc-

183 1704 357 1758 trinae
403 1704 689 1773 minusque
735 1703 942 1775 ingenii
988 1706 1092 1773 est,
1139 1705 1291 1756 tanto
1330 1701 1504 1773 magis
1544 1700 1803 1755 obsistere
1841 1703 1895 1754 te

183 1798 400 1835 necesse
431 1782 515 1833 est
544 1780 819 1834 communi
843 1779 1000 1833 malo.
1065 1781 1148 1833 est
1172 1781 1352 1832 autem
1374 1777 1482 1831 hoc
1504 1777 1684 1847 ipsum
1707 1776 1896 1830 solacii

182 1854 330 1924 loco,
379 1855 521 1908 inter
569 1855 771 1908 multos
822 1854 1064 1908 dolorem
1111 1871 1268 1907 suum
1316 1851 1576 1921 dividere3
1628 1850 1723 1921 qui
1770 1850 1898 1920 quia

185 1929 526 2000 dispensatur
571 1929 713 1983 inter
758 1929 963 1999 plures,
1010 1928 1207 2000 exigua
1253 1927 1413 1981 debet
1459 1925 1603 1996 apud
1649 1929 1704 1980 te
1743 1928 1896 1996 parte

111 2022 154 2057 ιε
185 2004 472 2059 subsidere.
549 2022 661 2058 non
708 2003 948 2058 desinam
987 2003 1185 2058 totiens
1224 2002 1324 2055 tibi
1365 2002 1554 2055 offerre
1594 1998 1895 2055 Caesarem:
1929 2012 1955 2052 3

183 2078 280 2132 ino
313 2079 624 2134 moderante
655 2083 830 2133 terrasv
856 2081 911 2133 et
942 2078 1256 2133 ostendente
1289 2079 1492 2147 quanto
1525 2076 1717 2130 melius
1740 2075 1895 2130 bene-

334 2239 361 2284 1
400 2240 603 2286 uirtutes
638 2242 686 2286 B
727 2255 784 2285 m.
817 2244 848 2286 2
889 2242 942 2285 in
979 2254 1081 2285 mar
1113 2274 1122 2283 .
1159 2238 1264 2284 DE
1302 2240 1510 2283 turtures
1541 2238 1589 2282 B
1626 2251 1685 2282 m.
1721 2240 1747 2282 1
1791 2249 1896 2281 cur-

186 2301 340 2345 rentes
365 2300 425 2345 H
446 2314 639 2347 veneres
669 2301 786 2346 coni.
811 2300 999 2346 Fickert
1019 2299 1041 2369 fl
1122 2298 1278 2343 nullus
1304 2299 1394 2344 erit
1416 2298 1528 2356 voly.
1556 2296 1712 2341 nullus
1737 2298 1840 2342 erat
1861 2298 1900 2343 0

187 2359 327 2405 nullis
360 2362 465 2405 erat
488 2361 547 2406 H
580 2361 597 2421 ΙΙ
637 2359 667 2405 5
705 2361 883 2418 quanto
916 2359 1087 2417 spiritu
1111 2359 1211 2404 DB
1241 2373 1299 2404 m.
1322 2362 1355 2404 2
1392 2358 1574 2415 quanta
1605 2356 1825 2415 spiritum
1849 2358 1896 2402 Β

185 2436 245 2466 m.
272 2425 298 2465 1
326 2420 380 2464 H
411 2420 427 2478 Η
467 2419 499 2464 6
531 2419 686 2467 verbis
710 2420 909 2478 Bentley
939 2418 1078 2464 rebus
1107 2419 1146 2465 O
1179 2419 1409 2476 quantum
1442 2417 1661 2476 spiritum
1692 2417 1895 2476 lugenti-

186 2479 275 2525 bus
306 2480 566 2525 intonueris
596 2475 818 2525 heroibus
850 2478 967 2525 coni.
997 2478 1225 2525 Schultess
1260 2478 1278 2538 Η
1318 2478 1342 2523 7
1375 2491 1434 2523 ex
1463 2478 1602 2523 tanta
1630 2477 1668 2523 O
1699 2490 1729 2522 a
1758 2478 1897 2522 tanta

190 2540 361 2586 Gruter
396 2542 398 2597 ξ
436 2538 695 2586 desciscere
724 2540 762 2586 Ο
793 2538 1010 2584 decidere
1039 2538 1154 2597 voly.
1190 2537 1457 2584 decrescere
1491 2537 1684 2583 Wolters
1711 2535 1729 2596 ΙΙ
1758 2535 1788 2582 8
1820 2549 1896 2582 ex-

187 2599 410 2658 emplaris
441 2598 581 2644 modo
613 2600 840 2647 Schultess
876 2597 1090 2655 exemplo
1122 2611 1179 2643 ac
1209 2596 1350 2643 modo
1373 2597 1533 2643 BGV
1563 2595 1777 2654 exemplo
1813 2598 1898 2641 aut

185 2659 326 2706 modo
359 2660 400 2707 0
434 2661 651 2717 exempto
682 2658 822 2706 modo
860 2660 909 2718 (i.
935 2672 971 2705 e.
1005 2658 1106 2704 sine
1136 2657 1293 2716 modo)
1325 2657 1527 2716 Madvig]
1563 2669 1648 2714 pro
1681 2655 1895 2714 exemplo

188 2731 245 2764 ac
267 2719 408 2765 modo
433 2719 566 2766 Koch
592 2719 598 2777 1
624 2718 891 2765 mirabatur
912 2720 964 2764 in
986 2732 1130 2778 mar-9.
1148 2719 1195 2764 Β
1218 2722 1262 2764 et
1281 2718 1356 2763 vol
1387 2754 1397 2764 .
1421 2715 1674 2762 mirabitur
1688 2715 1906 2763 DHGV

187 2778 471 2826 mirabiliter
493 2780 540 2825 B
570 2778 860 2825 mirabilitur
883 2779 935 2825 E
959 2778 976 2837 ΙΙ
1006 2777 1067 2823 16
1096 2776 1314 2824 omnibus
1409 2774 1680 2822 hominibus
1715 2775 1852 2822 Gertz
1881 2777 1897 2836 ΙΙ

188 2838 940 2945 ἱῗιροωυΒΜιὺβῖρετὸοώοωι
955 2837 1068 2883 DH
1082 2838 1100 2898 ΙΙ
1125 2836 1185 2884 24
1206 2836 1365 2895 plures
1382 2837 1429 2883 B
1452 2835 1590 2895 plura
1607 2836 1647 2883 C'
1666 2835 1683 2896 ΙΙ
1703 2834 1764 2882 25
1787 2834 1897 2881 sub-

190 2914 229 2945 σι
265 2912 341 2945 ere
444 2914 499 2944 m
533 2913 596 2944 sis
647 2913 697 2945 re
