2028 3106
145 93 255 149 364
465 91 514 135 L.
539 90 776 136 ANNAEI
807 90 1081 137 SENECAE
1112 91 1270 138 DIAL.
1294 92 1405 137 LIB.
1430 92 1529 138 XII.

87 228 113 268 5
145 232 293 266 mum
343 213 502 266 decus
554 213 671 266 visa
719 215 802 267 est
849 212 1123 282 pudicitia.
1199 232 1311 267 non
1355 217 1508 283 potes
1555 214 1738 285 itaque
1777 217 1844 269 ad

145 287 497 358 optinendum
543 287 784 341 dolorem
828 287 1087 341 muliebre
1133 306 1331 342 nomen
1367 289 1733 358 praetendere,
1779 309 1845 344 ex

146 380 251 432 quo
290 365 344 415 te
383 362 608 415 virtutes
647 365 771 416 tuae
811 362 1157 432 seduxerunt3
1194 367 1406 417 tantum
1444 364 1601 417 debes
1633 382 1665 416 a
1695 364 1844 417 femi-

143 455 333 490 narum
385 436 620 491 lacrimis
676 437 881 505 abesse,
944 440 1203 506 quantum
1255 438 1418 492 vitiis.
1503 457 1571 491 ne
1615 438 1844 492 feminae

145 510 359 579 quidem
397 514 451 565 te
490 512 667 566 sinent
703 511 1031 565 intabescere
1068 511 1275 565 volneri
1312 515 1431 582 tu0,
1471 513 1563 567 sed
1599 512 1638 582 †
1675 513 1844 566 levior
1897 533 1918 566 5

142 586 442 640 necessario
490 604 728 640 maerore
776 585 883 640 cito
930 586 1237 641 defunctam
1274 586 1536 641 iubebunt
1575 606 1843 659 exurgere,

145 659 190 714 si
239 660 400 715 modo
450 661 571 714 illas
621 660 819 714 intueri
867 661 1016 715 voles
1066 661 1316 729 feminas,
1377 679 1509 731 quas
1559 665 1845 732 conspecta

86 750 111 789 6
143 734 314 789 virtus
360 736 500 789 inter
545 752 771 805 magnos
816 734 960 789 viros
1000 736 1195 806 posuit.
1274 734 1574 790 Corneliam
1613 756 1679 791 ex
1718 737 1846 790 duo·

144 809 314 863 decim
358 810 541 864 liberis
589 809 655 863 ad
702 809 835 863 duos
883 809 1102 864 fortuna
1138 811 1436 883 redegerat:
1483 810 1530 864 si
1566 829 1844 865 numerare

142 884 332 939 funera
372 883 647 939 Corneliae
693 885 858 937 velles
866 925 882 953 ,
928 885 1179 939 amiserat
1216 886 1420 955 decem,
1467 886 1513 939 si
1550 887 1845 957 aestimare,
1877 906 1918 938 ιο

143 959 393 1014 amiserat
432 957 714 1013 Gracchos.
791 959 1043 1013 flentibus
1089 964 1270 1014 tamen
1308 961 1450 1015 circa
1487 978 1543 1014 se
1581 963 1635 1013 et
1672 960 1844 1014 fatum

143 1035 256 1088 eius
308 1033 677 1088 execrantibus
728 1034 1028 1103 interdixit,
1078 1053 1146 1089 ne
1195 1035 1470 1090 fortunam
1519 1039 1843 1105 accusarent,

144 1127 279 1177 quae
319 1108 422 1161 sibi
460 1108 604 1161 filios
645 1106 914 1162 Gracchos
955 1109 1200 1163 dedisset.
1278 1129 1345 1164 ex
1381 1110 1483 1164 hac
1521 1109 1720 1163 femina
1758 1109 1844 1163 de-

140 1182 261 1235 buit
309 1182 480 1251 nasci,
530 1183 624 1252 qui
675 1182 873 1237 diceret
922 1183 980 1237 in
1029 1184 1303 1239 contione:
1355 1184 1439 1238 ‘tu
1490 1185 1649 1238 matri
1697 1202 1844 1237 meae

140 1257 280 1310 male
320 1256 486 1326 dicas,
526 1274 662 1326 quae
701 1276 785 1310 me
823 1258 1096 1329 peperitP'
1133 1260 1304 1313 multo
1343 1259 1478 1312 mihi
1515 1277 1623 1313 vox
1659 1258 1842 1312 matris
1875 1275 1918 1310 ιε

140 1331 353 1385 videtur
391 1332 704 1386 animosior:
742 1333 888 1387 filius
920 1351 1117 1404 magno
1150 1334 1453 1388 aestimavit
1484 1331 1843 1388 Gracchorum

29 1456 33 1472 ,
85 1422 109 1461 7
139 1407 367 1477 nataleS,
406 1410 578 1461 mater
614 1410 669 1461 et
698 1407 899 1461 funera.
978 1406 1184 1462 Rutilia
1215 1407 1428 1462 Cottam
1459 1409 1633 1462 filium
1663 1411 1844 1463 secuta

142 1484 224 1535 est
262 1481 318 1535 in
357 1482 578 1536 exilium
617 1485 671 1536 et
708 1500 879 1553 usque
918 1501 981 1537 eo
1022 1483 1127 1536 fuit
1166 1483 1501 1555 indulgentia
1539 1484 1844 1552 constricta,

140 1559 203 1610 ut
247 1557 434 1611 mallet
479 1557 699 1611 exilium
745 1558 859 1628 pati
899 1575 1060 1627 quam
1100 1557 1439 1628 desiderium,
1489 1575 1589 1612 nec
1626 1562 1750 1612 ante
1787 1557 1845 1611 in

139 1632 370 1701 patriam
417 1650 578 1702 quam
624 1650 746 1687 cum
786 1633 898 1686 filio
937 1633 1110 1687 rediit.
1188 1633 1413 1687 eundem
1452 1633 1558 1687 iam
1596 1633 1844 1687 reducem
1875 1650 1919 1683 πο

141 1709 194 1759 et
232 1706 290 1759 in
326 1707 602 1777 republica
640 1707 920 1761 florentem
958 1711 1069 1761 tam
1108 1707 1319 1761 fortiter
1357 1707 1536 1761 amisit
1573 1726 1735 1777 quam
1766 1725 1844 1761 se-

140 1783 265 1834 cuta
296 1784 397 1850 est,
429 1799 529 1836 nec
561 1781 844 1851 quisquam
874 1783 1122 1836 lacrimas
1155 1783 1268 1835 eius
1299 1785 1425 1852 post
1448 1782 1647 1836 elatum
1670 1781 1843 1834 filium

139 1854 361 1908 notavit.
440 1857 498 1909 in
536 1857 760 1926 expulso
800 1856 1054 1910 virtutem
1094 1856 1351 1926 ostendit,
1387 1857 1446 1910 in
1484 1855 1679 1909 amisso
1719 1874 1844 1925 pru-

142 1928 398 1999 dentiam3
435 1948 562 1984 nam
601 1934 655 1985 et
692 1931 832 1984 nihil
862 1931 1011 1985 illam
1042 1950 1074 1984 a
1104 1931 1302 2001 pietate
1335 1930 1591 1985 deterruit
1622 1933 1676 1984 et
1705 1930 1845 1983 nihil

140 2004 198 2058 in
242 2003 463 2058 tristitia
509 2024 838 2076 supervacua
876 2006 1147 2076 stultaque
1186 2005 1427 2060 detinuit.
1506 2023 1628 2060 cum
1665 2004 1751 2059 his
1790 2009 1844 2060 te
1875 2023 1917 2056 ²⁶

288 2195 316 2240 1
340 2196 511 2257 potesll
530 2197 577 2243 A
607 2198 741 2254 (eras.
766 2198 803 2254 t)
881 2197 911 2243 4
934 2198 1163 2255 quantum
1187 2197 1315 2242 vitiis
1338 2199 1385 2243 A
1409 2199 1639 2255 quantum
1663 2211 1692 2242 a
1714 2197 1843 2242 vitiis

138 2254 253 2312 volo.
279 2255 363 2310 cfr.
388 2257 452 2302 ad
482 2270 518 2303 c.
553 2260 612 2301 14
642 2261 754 2302 eaetr.
785 2256 803 2316 ΙΙ
892 2256 1044 2302 leuior
1073 2257 1336 2302 necessario
1359 2258 1406 2302 A
1438 2259 1513 2315 (m.
1537 2271 1621 2303 rec.
1649 2271 1702 2302 or
1727 2257 1842 2303 dele·

138 2314 230 2369 vit;
270 2328 416 2371 supra
456 2321 709 2374 sequentem
750 2316 950 2363 litteram
990 2332 1023 2361 n
1065 2317 1246 2374 aliquid
1289 2317 1509 2373 scriptum
1549 2317 1694 2373 fuisse
1734 2317 1842 2372 vid„

140 2373 261 2430 quod
283 2379 446 2430 postea
476 2389 657 2421 erasum
688 2378 769 2433 est)
807 2376 882 2421 vel
912 2377 992 2433 pio
1023 2377 1380 2432 necessarioque
1414 2375 1551 2422 Gertz
1587 2376 1719 2422 licito
1758 2377 1844 2432 (vel

141 2431 322 2491 debito),
359 2446 416 2478 ac
450 2448 550 2480 nec.
583 2435 810 2482 Schultess
846 2435 939 2480 levi
970 2449 1049 2481 ore
1080 2449 1180 2481 nec.
1213 2436 1478 2494 Petscheuiq
1520 2436 1615 2494 (sed
1644 2436 1728 2492 cfr.
1766 2435 1840 2480 Ti-

140 2493 256 2542 bulli
291 2493 328 2538 Ι
358 2496 402 2548 8,
425 2496 484 2538 31
522 2494 625 2540 Sen.
662 2509 727 2552 ep.
763 2509 812 2553 p.
838 2498 943 2551 429,
965 2498 1026 2541 25
1061 2496 1232 2553 Hense)
1274 2494 1447 2540 leviore
1486 2497 1535 2540 et
1570 2509 1669 2541 nec.
1702 2495 1839 2540 Ellis.

138 2566 294 2598 verum
324 2553 529 2598 ‘nondum
558 2555 793 2601 inventum
822 2554 839 2614 Η
869 2554 928 2599 10
953 2554 1100 2601 1131133
1124 2555 1171 2600 A
1201 2553 1316 2599 velis
1342 2555 1608 2613 Wesenberq
1626 2554 1653 2614 -ΙΙ
1683 2553 1738 2599 11
1770 2553 1841 2598 fa-

138 2613 240 2656 tum
254 2612 259 2671 Ι
273 2612 373 2657 31113
397 2613 444 2658 A
474 2611 627 2657 fatum
655 2615 838 2659 saevius
863 2615 996 2660 Koch
1025 2614 1230 2660 fatorum
1253 2613 1327 2658 ius
1350 2614 1600 2669 Schultess;
1630 2618 1842 2659 neutrum

131 2672 279 2729 probo
319 2671 336 2733 Η
378 2671 436 2717 13
475 2671 685 2718 dedisset
714 2675 761 2720 A
799 2674 920 2732 quod
957 2679 1083 2720 teneo
1119 2674 1218 2720 coll.
1249 2687 1301 2731 p.
1335 2677 1439 2731 172,
1459 2677 1518 2720 21
1551 2679 1595 2720 et
1623 2687 1688 2731 ep.
1715 2677 1789 2730 63,
1812 2677 1842 2719 7

141 2732 207 2788 (p.
241 2734 343 2788 185,
368 2736 428 2778 16
458 2732 542 2788 H.)
583 2732 668 2788 cfr.
704 2733 933 2780 Schultess
962 2735 1228 2780 Annaeana
1262 2735 1382 2779 εὐνά.
1415 2748 1466 2792 p.
1492 2737 1553 2779 56
1589 2733 1843 2779 ademisset

139 2791 338 2849 Bentley
360 2796 404 2837 et
423 2793 661 2837 novissimi
682 2792 916 2898 editoresfl
943 2792 1003 2838 16
1026 2793 1295 2838 aestimavit
1316 2794 1479 2840 Haase
1501 2792 1743 2839 estimabit
1757 2794 1803 2838 A
1825 2792 1843 2852 ΙΙ

139 2849 199 2895 20
229 2850 385 2897 cufilio
410 2852 456 2897 A
494 2865 608 2898 corr.
639 2852 754 2910 voly.
797 2851 814 2922 Ι]
855 2852 884 2897 2
953 2852 1077 2898 nich’
1109 2851 1194 2897 1113
1220 2852 1292 2899 A⁶
1320 2852 1517 2898 nichilla‘.
1545 2853 1616 2899 vel
1645 2851 1842 2898 nichilia

139 2908 209 2954 A¹
237 2910 254 2970 ΙΙ
282 2909 342 2954 25
373 2909 489 2956 Cum
517 2911 592 2956 his
622 2912 670 2956 te
694 2910 765 2956 A⁵
793 2925 847 2956 m
874 2926 967 2957 ras.
