2034 3086
546 5 629 51 DE
659 5 768 50 IRA
798 4 910 49 LIB.
934 4 1012 50 111.
1069 3 1197 50 GAP.
1223 9 1295 50 34.
1321 10 1378 50 35
1718 7 1823 61 143

117 130 219 183 iter
267 132 557 214 angustum
605 128 749 181 rixas
798 127 1190 181 transeuntium
1237 127 1494 197 concitat,
1541 127 1735 181 diffusa
1773 130 1827 180 et

115 204 223 258 late
261 208 451 274 patens
488 204 579 256 via
613 221 683 256 ne
702 202 953 286 ‘populos
993 202 1209 273 quidem
1256 202 1487 256 collidit:
1542 203 1646 257 ista
1690 220 1826 272 quae

117 279 395 364 appetitis,
449 277 577 347 quia
631 276 826 347 exigua
878 280 1005 331 sunt
1052 295 1153 332 nec
1201 279 1431 348 possunt
1479 276 1547 331 ad
1597 277 1826 331 alterum

114 354 223 407 nisi
260 352 415 407 alteri
450 354 633 422 erepta
662 351 964 422 transferri,
993 351 1175 406 eadem
1209 352 1583 406 affectantibus
1615 369 1825 423 pugnas

65 443 86 477 ⁵
117 431 171 482 et
209 428 386 499 iurgia
422 427 672 481 excitant.

265 560 488 615 XXXV.
549 559 911 632 Respondisse
949 561 1050 614 tibi
1090 578 1302 614 servum
1340 560 1639 632 indignaris
1669 560 1828 614 liber-
1861 573 1884 614 1

116 641 339 707 tumque
393 639 448 691 et
498 655 722 691 uxorem
776 639 831 690 et
883 636 1157 690 clientem:
1222 635 1413 688 deinde
1463 635 1605 688 idem
1656 635 1720 688 de
1770 654 1827 689 re

116 712 334 782 publica
380 712 684 766 libertatem
734 711 1000 764 sublatam
1049 709 1309 780 quereris,
1354 728 1517 780 quam
1557 709 1705 763 domi
1744 727 1828 763 811-

117 787 331 840 stulisti.
409 805 617 854 rursus,
671 786 717 839 si
770 785 941 838 tacuit
994 784 1380 856 interrogatus,
1433 784 1828 838 contumaciam

42 879 87 911 ιο
116 879 292 916 vocas.
347 864 401 915 et
428 862 685 930 loquatur
714 862 769 913 et
790 862 966 913 taceat
990 862 1043 912 et
1064 859 1258 913 rideat!
1313 859 1522 914 ‘coram
1546 858 1828 913 domino‘?'
1859 873 1885 912 2

117 937 311 1007 inquis
399 936 566 988 immo
621 951 803 988 coram
856 937 1009 1004 patre
1061 934 1312 988 familiae.
1407 934 1538 1005 quid
1592 932 1830 988 clamas?

117 1011 248 1082 quid
278 1008 626 1064 vociferaris?
686 1009 817 1079 quid
855 1009 1072 1081 flageHa
1109 1010 1285 1063 media
1323 1028 1454 1064 cena
1488 1010 1650 1080 petis,
1683 1008 1829 1079 quod

22 1106 44 1122 ·
117 1085 257 1139 servi
294 1085 614 1154 loquuntut‚
654 1084 799 1154 quod
837 1103 949 1138 non
987 1085 1175 1139 eodem
1211 1085 1334 1139 1080
1370 1085 1529 1138 turba
1560 1084 1828 1139 contionis

117 1162 220 1228 est,
259 1159 533 1213 silentium
572 1158 916 1213 solitudinis?
975 1160 1033 1212 in
1071 1158 1176 1213 hoc
1214 1159 1379 1213 habes
1420 1178 1597 1229 auree,
1626 1162 1689 1212 ut
1718 1177 1830 1213 11011
1861 1170 1887 1212 3
1982 1173 1986 1188 ·

43 1250 87 1284 18
116 1234 393 1289 modulata
422 1237 634 1288 tantum
665 1237 719 1287 813
748 1234 936 1288 mollia
967 1237 1021 1287 et
1051 1253 1118 1287 ex
1149 1234 1294 1288 dulci
1325 1237 1498 1288 tracta
1525 1234 1829 1304 conposita-

118 1328 222 1379 que
275 1309 565 1379 accipiant:
618 1311 673 1362 et
721 1309 890 1362 risum
942 1308 1127 1362 audias
1175 1312 1390 1379 oportet
1428 1312 1482 1363 et
1520 1309 1731 1377 fletum,
1777 1312 1830 1362 et

116 1383 406 1437 blanditias
453 1386 507 1436 et
549 1383 697 1451 lites,
738 1386 793 1436 et
829 1401 1088 1452 prospera
1126 1386 1180 1436 et
1217 1383 1417 1452 tristia,
1455 1386 1509 1436 et
1545 1382 1829 1436 hominum

117 1475 276 1512 voces
326 1460 382 1511 et
424 1457 671 1511 fremitus
719 1457 1032 1511 animalium
1070 1458 1417 1527 latratusque.
1497 1457 1627 1527 quid
1667 1458 1830 1510 miser

118 1532 427 1603 expavescis
477 1531 546 1585 ad
595 1532 884 1586 clamorem
935 1532 1098 1602 servi,
1147 1531 1213 1586 ad
1262 1532 1521 1586 tinnitum
1561 1532 1696 1586 aeris
1737 1534 1831 1585 aut

43 1627 89 1660 το
118 1608 307 1661 18111188
345 1607 659 1678 inpulsum?
735 1610 858 1662 cum
904 1610 1016 1661 tam
1063 1607 1321 1662 delicatus
1364 1607 1552 1677 fueris,
1590 1604 1831 1662 tonitrua

118 1682 381 1737 audienda
442 1686 582 1737 sunt.
672 1682 799 1753 hoc,
862 1681 1007 1752 quod
1069 1682 1133 1737 de
1195 1683 1414 1736 auribus
1476 1682 1681 1737 dictum
1735 1685 1829 1751 est,
1861 1695 1888 1735 4

117 1758 350 1812 transfer
403 1757 471 1811 ad
525 1758 733 1828 oculos,
789 1759 883 1828 qui
927 1776 1039 1812 non
1084 1758 1262 1812 minus
1309 1757 1527 1812 fastidio
1565 1757 1830 1827 laborant,

120 1833 167 1886 si
204 1833 344 1887 male
383 1833 619 1887 instituti
658 1837 804 1888 sunt:
856 1833 1068 1887 macula
1106 1833 1451 1887 offenduntur
1490 1835 1544 1887 et
1582 1833 1829 1887 sordibus

119 1909 175 1960 et
222 1911 445 1979 argento
496 1926 686 1978 parum
736 1906 1017 1977 splendido
1065 1910 1119 1960 et
1164 1910 1357 1979 stagno
1395 1926 1508 1961 non
1546 1908 1614 1961 ad
1653 1908 1830 1962 solum

45 1998 90 2032 τε
119 1980 440 2050 perlucente.
494 1981 553 2035 hi
584 2000 776 2052 nempe
808 1981 974 2050 oculi,
1006 1982 1099 2051 qui
1130 1999 1243 2035 non
1272 1981 1454 2034 ferunt
1482 1982 1589 2036 nisi
1620 1983 1829 2035 varium
1862 1996 1888 2037 5

121 2071 185 2109 ac
213 2057 414 2110 recenti
445 2074 573 2111 cura
602 2057 779 2111 nitens
811 2074 1066 2124 marmor,
1099 2056 1193 2126 qui
1224 2073 1464 2109 mensam
1495 2056 1602 2109 m'si
1630 2056 1829 2109 crebris

123 2129 431 2184 distinctam
460 2132 634 2201 venis,
674 2132 768 2203 qui
805 2131 1001 2185 nolunt
1031 2130 1178 2184 domi
1208 2130 1315 2184 nisi
1347 2148 1477 2183 auro
1509 2130 1831 2199 pretiosiora

122 2204 339 2273 calcari,
388 2205 712 2275 aequissimo
764 2206 943 2260 animo
994 2205 1126 2259 foris
1172 2207 1226 2258 et
1267 2205 1479 2259 scabras
1518 2205 1829 2274 lutosasque

123 2279 339 2333 semitas
371 2282 616 2350 spectant
646 2284 701 2333 et
731 2281 988 2335 maiorem
1014 2282 1222 2351 partem
1247 2279 1642 2334 occurrentium
1675 2298 1830 2350 squa-

49 2370 94 2404 ⁸0
122 2352 311 2424 lidam,
348 2354 577 2425 parietes
624 2355 921 2410 insularum
968 2372 1177 2424 exesos,
1216 2354 1468 2423 rimosos,
1508 2354 1827 2426 inaequales.

274 2532 304 2578 8
327 2532 517 2591 quando
540 2531 843 2578 misustulisti
866 2532 935 2579 A¹
959 2547 1074 2579 corr.
1097 2532 1168 2579 A'
1188 2533 1206 2593 ΙΙ
1228 2531 1286 2579 18
1309 2531 1566 2590 loquuntur
1589 2534 1702 2592 voly.
1723 2547 1779 2579 ex
1802 2544 1830 2578 ς

124 2548 379 2650 loquantur
408 2594 510 2639 AL
549 2593 567 2652 ΙΙ
607 2592 667 2638 15
703 2594 861 2638 tracta
890 2593 963 2648 Δ,
997 2591 1151 2638 fracta
1187 2593 1259 2639 vel
1292 2592 1495 2638 infracta
1525 2594 1660 2639 malit
1692 2592 1830 2639 Gertz

125 2652 222 2698 0011.
248 2667 316 2711 ep.
340 2657 493 2708 90,19
520 2653 538 2711 ΙΙ
567 2651 625 2698 17
656 2653 815 2698 tristia
838 2653 883 2698 L
913 2628 965 2699 αἱ
987 2653 1101 2711 0019.
1125 2653 1323 2699 tristitia
1346 2654 1392 2699 A
1469 2653 1528 2699 19
1552 2652 1829 2699 attinuitum

125 2711 195 2757 A¹
224 2726 339 2759 corr.
372 2712 444 2759 A'
478 2714 496 2772 ΙΙ
535 2711 597 2758 28
626 2712 708 2770 qui
740 2716 951 2770 <non>
983 2725 1194 2758 mensam
1232 2715 1348 2760 coni.
1436 2728 1566 2771 uase,
1604 2713 1684 2759 sed
1713 2718 1830 2759 recte

126 2769 329 2826 defendit
359 2773 456 2819 cod.
480 2774 758 2830 scripturam
782 2772 920 2818 Gertz
942 2773 959 2831 ΙΙ
988 2771 1046 2818 27
1071 2771 1344 2819 distinctam
1369 2774 1414 2819 L
1438 2773 1720 2820 destinctam
1746 2774 1792 2819 A
1814 2773 1831 2836 ΙΙ

126 2827 187 2875 28
217 2831 390 2877 calcari
423 2832 584 2878 Haase
615 2831 798 2877 calcare
823 2832 922 2877 AL
