2028 3106
214 95 321 148 262
541 93 590 137 L.
616 92 851 137 ANNAEI
884 92 1156 137 SENECAE
1187 94 1344 140 DIAL.
1370 95 1481 139 LIB.
1506 94 1583 139 IX.

213 231 319 283 quo
386 214 797 267 innumerabiles
864 214 1031 266 libros
1100 217 1154 267 et
1213 215 1606 285 bybliothecae,
1682 236 1907 287 quarum

211 288 476 341 dominus*
498 287 589 339 vix
626 291 741 340 tota
778 287 889 340 vita
926 287 1127 341 indices
1166 289 1429 360 perlegit?
1490 294 1677 343 onerat
1708 291 1907 345 discen-

210 365 319 415 tem
366 362 544 428 turba,
596 379 707 413 non
753 361 994 430 instruit,
1047 362 1325 431 multoque
1376 363 1540 417 satius
1592 367 1673 417 est
1721 367 1906 434 paucis

211 439 264 489 te
313 434 620 488 auctoribus
659 435 888 503 tradere,
944 453 1104 504 quam
1144 454 1318 490 errare
1356 457 1453 507 per
1490 439 1702 491 multos.
1781 458 1906 509 qua-

211 510 456 580 draginta
493 508 644 561 milia
680 509 942 561 librorum
975 507 1330 564 Alexandriae
1362 515 1625 581 arserunt3
1662 513 1906 580 pulcher-
1961 531 1980 562 5

210 584 404 636 rimum
442 583 620 652 regiae
660 583 963 651 opulentiae
994 584 1382 638 monimentum
1421 586 1558 639 alius
1595 586 1907 655 laudaverit,

211 659 347 710 sicut
386 655 443 708 Τ.
483 656 690 725 Livius,
746 657 839 725 qui
888 657 1181 727 elegantiae
1234 677 1422 730 regum
1461 678 1722 728 curaeque
1761 679 1905 731 egre-

209 731 356 801 gium
406 730 462 782 id
513 749 648 800 opus
700 731 774 783 ait
812 731 995 785 fuisse:
1046 750 1157 784 non
1194 732 1299 785 fuit
1337 734 1602 804 elegantia
1639 734 1773 787 illud
1813 738 1906 788 aut

208 823 356 872 cura,
403 805 496 858 sed
536 805 775 858 studiosa
812 806 1045 875 luxuria,
1085 806 1249 860 immo
1287 825 1356 860 ne
1395 808 1636 863 studiosa
1675 808 1905 878 quidem,

207 878 460 947 quoniam
497 897 607 932 non
642 880 699 932 in
737 880 974 934 studium
1013 880 1104 935 sed
1142 881 1199 934 in
1238 883 1602 951 spectaculum
1633 901 1904 953 compara·
1938 903 1979 934 ιο

204 956 407 1021 verant,
430 953 570 1007 sicut
591 953 861 1023 plerisque
885 956 1086 1025 ignaris
1110 955 1272 1009 etiam
1295 955 1583 1025 puerilium
1605 957 1904 1011 litterarum

202 1027 326 1081 libri
363 1046 474 1080 non
513 1027 812 1081 studiorum
850 1029 1207 1083 instrumenta
1245 1030 1338 1084 sed
1380 1030 1721 1085 cenationum
1753 1051 1904 1086 orna-

203 1105 381 1154 menta
413 1104 550 1154 sunt.
614 1105 832 1171 paretur
862 1104 1043 1172 itaque
1073 1105 1335 1158 librorum
1367 1108 1626 1174 quantum
1658 1107 1786 1159 satis
1819 1108 1904 1175 sit,

202 1175 340 1228 nihil
370 1176 427 1228 in
458 1179 787 1245 apparatum.
853 1176 1182 1231 ‘honestius'
1212 1179 1391 1248 inquis
1418 1179 1545 1233 ‘hoc
1569 1197 1625 1232 se
1648 1179 1902 1248 inpensae

203 1268 363 1318 quam
387 1250 445 1303 in
462 1249 739 1304 Corinthia
762 1251 1040 1320 pictasque
1063 1253 1274 1306 tabulas
1292 1253 1609 1307 effuderint?
1646 1253 1901 1307 vitiosum
1936 1273 1976 1305 15

202 1327 284 1378 est
313 1324 527 1394 ubique,
560 1325 705 1394 quod
734 1325 961 1378 nimium
994 1329 1087 1379 est.
1151 1326 1280 1395 quid
1310 1327 1475 1381 habes
1484 1369 1500 1397 ,
1531 1346 1627 1382 cur
1655 1327 1900 1399 ignoscas

200 1398 408 1452 homini
454 1400 682 1452 armaria
719 1417 745 1453 e
784 1400 917 1454 citro
965 1403 1125 1469 atque
1172 1401 1332 1454 ebore
1370 1402 1632 1471 captanti,
1677 1420 1902 1472 corpora

201 1473 539 1541 conquirenti
578 1477 671 1526 aut
709 1474 1019 1544 ignotorum
1059 1478 1338 1528 auctorum
1370 1479 1462 1529 aut
1492 1475 1900 1545 inprobatorum

200 1550 253 1599 et
298 1547 439 1600 inter
486 1550 569 1600 tot
618 1548 768 1600 milia
807 1549 1069 1602 librorum
1112 1549 1384 1619 oscitanti,
1434 1551 1522 1604 cui
1564 1550 1899 1604 voluminum

199 1638 418 1674 suorum
463 1620 668 1675 frontes
708 1623 941 1676 maxime
979 1623 1196 1693 placent
1232 1624 1521 1695 titulique?
1598 1628 1730 1695 aput
1767 1624 1900 1679 desi·
1933 1644 1975 1676 20

199 1694 530 1749 diosissimos
555 1714 683 1767 ergo
708 1696 912 1751 videbis
938 1697 1194 1767 quicquid
1212 1699 1515 1753 orationum
1531 1698 1899 1754 historiarum·

200 1788 302 1839 que
349 1774 450 1839 est,
496 1773 638 1824 tecto
678 1774 835 1825 tenus
875 1775 1145 1827 exstructa
1181 1773 1563 1845 loculamenta3
1609 1775 1717 1828 iam
1756 1775 1898 1829 enim

198 1845 337 1898 inter
366 1846 636 1898 balnearia
667 1849 721 1899 et
750 1846 988 1900 thermas
1018 1847 1362 1917 bybliotheca
1394 1866 1606 1919 quoque
1636 1852 1700 1903 ut
1721 1867 1898 1904 neces-

197 1920 397 1973 sarium
422 1920 610 1974 domus
636 1924 1008 1975 ornamentum
1031 1922 1315 1992 expolitur.
1369 1924 1701 1995 ignoscerem
1725 1925 1899 1994 plane,

198 1995 244 2047 si
283 1995 583 2048 studiorum
620 1995 790 2048 nimia
828 1995 1077 2066 cupidine
1117 2001 1401 2052 erraretur:
1451 2017 1594 2052 nunc
1633 1999 1736 2051 ista
1774 2016 1897 2052 con·
1929 2017 1971 2050 25

198 2069 418 2139 quisita,
457 2087 579 2123 cum
618 2069 944 2141 imaginibus
984 2071 1094 2124 suis
1134 2071 1392 2142 discripta
1429 2090 1702 2127 sacrorum
1735 2091 1897 2142 opera

196 2143 534 2214 ingeniorum
564 2146 620 2197 in
652 2145 881 2214 speciem
907 2148 961 2199 et
985 2146 1189 2200 cultum
1212 2148 1477 2216 parietum
1503 2151 1895 2217 comparantur.

347 2276 370 2319 7
403 2276 507 2320 Liv.
540 2277 600 2331 fr.
633 2281 691 2321 40
724 2278 867 2321 Hertz

343 2357 374 2401 3
414 2359 581 2413 paucis
615 2358 685 2403 A⁵
724 2359 740 2418 Η
785 2356 816 2402 4
858 2361 906 2404 te
946 2360 992 2404 A
1035 2360 1118 2415 cfr.
1158 2361 1261 2405 Joh.
1287 2361 1464 2406 Miiller
1500 2363 1554 2406 in
1591 2363 1707 2407 actis
1745 2362 1890 2411 Acad.

207 2425 395 2468 Vindob.
430 2425 661 2470 CXVIII
686 2429 803 2470 1889
825 2440 876 2482 p.
900 2430 931 2470 8
962 2440 1010 2470 se
1038 2427 1226 2472 Gemzo'e
1260 2428 1264 2486 ᾗ
1303 2423 1406 2472 Χῖ.
1442 2429 1488 2485 (i.
1515 2443 1549 2473 e.
1576 2429 1893 2486 quadraginta

195 2483 344 2540 milia)
385 2485 431 2528 A
479 2484 824 2542 quadringenta
870 2501 930 2530 m.
971 2488 1231 2532 Pincianus
1274 2487 1291 2547 ΙΙ
1339 2488 1362 2532 7
1406 2487 1456 2532 Τ.
1495 2488 1651 2532 Livius
1694 2489 1894 2547 Madvig)

196 2543 234 2586 &
271 2542 414 2587 liuius
449 2545 495 2588 A
539 2544 596 2589 de
636 2546 668 2589 t.
702 2545 835 2589 Liuio
874 2547 927 2590 in
963 2560 1104 2604 mary.
1141 2546 1213 2592 A³
1255 2547 1260 2606 Ι
1317 2547 1373 2591 11
1413 2547 1662 2604 puerilium
1695 2549 1894 2607 Madvig

195 2602 436 2646 seruilium
469 2604 515 2647 A
546 2603 562 2661 Η
600 2603 658 2647 13
690 2605 751 2648 sit
774 2606 821 2649 A
852 2607 924 2649 est
949 2606 1088 2650 Gertz
1124 2605 1129 2665 Ι
1178 2605 1238 2651 14
1299 2621 1360 2651 uc
1391 2621 1439 2651 se
1471 2608 1638 2664 Haupt
1667 2608 1762 2665 (sed
1790 2609 1893 2653 vide

194 2662 249 2705 de
291 2663 498 2707 adverbii
534 2663 687 2717 forma
716 2665 827 2708 dial.
875 2666 920 2710 V
944 2668 1019 2719 21,
1046 2667 1092 2722 3)
1169 2679 1224 2710 oc
1265 2668 1314 2711 te
1348 2666 1418 2712 A¹
1456 2680 1568 2711 corr.
1605 2668 1658 2711 in
1694 2667 1838 2712 hocce
1875 2667 1892 2726 ΙΙ

195 2721 251 2765 17
276 2735 302 2766 e
327 2722 434 2766 add.
461 2722 599 2767 Gertz
626 2723 630 2782 Ι
660 2724 873 2780 captanti
897 2738 952 2769 ex
974 2727 1043 2769 -te
1067 2739 1181 2770 corr.
1195 2726 1353 2785 A1-2M
1377 2726 1434 2771 18
1459 2727 1783 2782 conquirentia
1799 2728 1845 2772 A
1874 2734 1892 2779 Η

194 2779 254 2824 24
285 2781 521 2837 expetitur
551 2784 666 2827 coni.
695 2784 885 2828 Wolters
913 2784 930 2843 ΙΙ
959 2783 1018 2828 25
1046 2787 1279 2831 erraretur
1301 2787 1432 2831 Koch
1462 2787 1670 2830 oreretur
1693 2786 1763 2831 A¹
1792 2790 1889 2844 (ore

194 2841 246 2884 in
275 2842 385 2897 ras.)
418 2841 618 2885 oriretur
641 2842 711 2886 A²
738 2843 754 2901 ΙΙ
784 2842 844 2886 26
876 2845 1039 2899 <et>
1072 2858 1177 2888 cum
1207 2845 1321 2903 voly.
1359 2846 1364 2903 Ι
1400 2845 1626 2902 discripta
1658 2847 1705 2890 et
1736 2859 1888 2891 sacro-

195 2913 297 2943 rum
322 2900 367 2944 A
399 2915 511 2945 ροντ’.
536 2903 649 2959 voly.
685 2904 732 2946 et
764 2903 901 2947 discr.
928 2916 1042 2948 sacr.
1072 2903 1207 2949 Gertz
