2028 3106
147 212 171 252 1

206 78 316 132 314
534 76 583 120 L.
610 74 847 120 ANNAEI
879 74 1152 120 SENECAE
1184 76 1341 121 DIAL.
1368 77 1479 122 LIB.
1505 76 1581 123 XI.

352 197 445 252 III.
509 196 847 267 Adiciamus,
900 198 945 251 si
997 198 1102 267 vis,
1156 199 1223 252 ad
1272 198 1370 253 has
1423 200 1687 269 querellas
1739 202 1908 273 ipsius

206 273 560 327 adulescentis
622 272 971 342 interceptam
1034 273 1174 326 inter
1226 275 1400 343 prima
1453 274 1779 330 incrementa
1832 278 1909 330 in-

206 348 404 401 dolem:
457 346 650 416 dignus
701 346 806 399 fuit
855 347 946 400 ille
996 351 1049 400 te
1099 347 1278 401 fratre.
1354 351 1416 401 tu
1463 352 1604 402 certe
1644 368 1757 404 eras
1798 351 1909 422 dig-

204 422 480 489 nissimus,
522 420 615 489 qui
654 439 721 473 ne
761 439 826 473 ex
865 420 1087 492 indigno
1130 422 1346 490 quidem
1379 423 1670 492 quicquam
1704 425 1907 478 doleres

204 497 389 550 fratre:
442 494 680 548 redditur
730 494 812 548 ini
858 495 1226 549 testimonium
1274 498 1494 566 aequale
1535 498 1777 552 omnium
1815 499 1909 552 ho-

204 571 434 638 minum3
496 569 824 622 desideratur
886 570 943 622 in
995 572 1151 623 tuum
1204 571 1488 641 honorem,
1548 572 1801 626 laudatur
1854 574 1911 627 in

205 663 377 699 suum.
460 644 598 696 nihil
646 643 704 696 in
752 643 847 696 illo
908 643 1033 712 fuit,
1085 645 1230 713 quod
1274 663 1385 698 non
1427 647 1659 701 libenter
1712 647 1911 719 adgno-

205 737 391 772 sceres.
468 721 530 771 tu
595 717 811 788 quidem
867 718 1029 770 etiam
1083 718 1260 771 minus
1313 720 1456 774 bono
1511 721 1666 775 fratri
1715 720 1909 775 fuisses

204 794 400 863 bonUS,
446 793 539 847 sed
578 793 635 845 in
672 792 767 844 illo
807 792 979 861 pietas
1018 795 1113 845 tua
1151 793 1398 847 idoneam
1435 799 1592 849 nacta
1630 797 1910 851 materiam

204 869 374 923 multo
424 885 479 921 se
524 866 746 921 liberius
794 867 1044 921 exercuit.
1121 886 1279 921 nemo
1327 871 1623 938 potentiam
1670 871 1784 925 eius
1832 871 1910 925 in-

203 943 341 997 iuria
381 942 570 1011 sensit,
606 958 902 1010 numquam
941 943 1031 996 ille
1070 945 1124 996 te
1155 942 1376 996 fratrem
1407 945 1507 997 ulli
1539 946 1773 1000 minatus
1806 950 1908 1016 est3

205 1018 271 1071 ad
318 1018 624 1087 exemplum
665 1033 721 1069 se
760 1017 1051 1071 modestiae
1090 1021 1214 1071 tuae
1252 1018 1578 1072 formaverat
1616 1021 1910 1092 cogitabat-

205 1111 332 1163 que,
363 1094 626 1162 quantum
657 1093 719 1143 tu
752 1094 806 1145 et
836 1096 1209 1146 ornamentum
1241 1095 1459 1146 tuorum
1493 1111 1634 1148 esses
1667 1099 1720 1148 et
1752 1114 1909 1149 onus:

205 1167 414 1222 suffecit
452 1166 545 1220 ille
582 1165 711 1219 huic
750 1167 999 1221 sarcinae.
1079 1186 1111 1221 o
1151 1167 1284 1221 dura
1318 1168 1432 1221 fata
1462 1172 1515 1221 et
1544 1169 1709 1223 nullis
1742 1188 1911 1239 aequa

203 1241 515 1295 virtutibus!
593 1243 881 1310 antequam
935 1241 1248 1296 felicitatem
1304 1260 1456 1296 suam
1510 1247 1695 1298 nosset
1747 1244 1912 1298 frater

202 1320 353 1385 tuus,
398 1319 676 1386 exemptus
724 1319 816 1368 est.
895 1335 1086 1386 parum
1126 1319 1304 1371 autem
1345 1336 1428 1371 me
1467 1318 1737 1390 indignari
1777 1319 1911 1389 sci03

202 1391 342 1445 nihil
402 1394 484 1444 est
537 1391 680 1444 enim
734 1390 1009 1444 difficilius
1066 1410 1227 1461 quam
1281 1410 1477 1464 magno
1533 1393 1708 1447 dolori
1760 1394 1912 1464 paria

202 1465 366 1519 verba
419 1465 663 1535 reperire.
743 1465 1050 1519 etiamnunc
1102 1469 1304 1535 tamen,
1368 1468 1413 1519 si
1468 1467 1597 1536 quid
1651 1469 1910 1537 proficere

201 1557 487 1609 possumus
496 1581 511 1609 ,
559 1557 970 1610 conqueramur:
1022 1540 1176 1610 ‘quid
1223 1541 1324 1594 tibi
1370 1541 1613 1610 voluisti,
1667 1545 1778 1595 tam
1833 1543 1911 1595 in·

203 1615 345 1668 iusta
376 1617 429 1668 et
459 1617 571 1668 tam
603 1614 840 1670 violenta
869 1613 1122 1669 fortuna?
1183 1618 1295 1669 tam
1328 1614 1436 1669 cito
1467 1618 1521 1669 te
1544 1615 1911 1688 indulgentiae

203 1693 328 1744 tuae
388 1689 692 1760 paenituit?
770 1708 905 1759 quae
960 1690 1063 1743 ista
1116 1690 1403 1744 crudelitas
1459 1693 1541 1744 est
1593 1691 1651 1744 in
1704 1691 1910 1745 medios

203 1765 394 1818 fratres
439 1765 701 1834 impetum
747 1765 920 1818 facere
968 1767 1022 1818 et
1058 1768 1169 1818 tam
1209 1768 1430 1819 cruenta
1466 1765 1655 1835 rapina
1694 1784 1911 1821 concor-

204 1839 479 1894 dissimam
518 1839 731 1894 turbam
772 1839 1112 1909 imminuere,
1149 1843 1260 1893 tam
1299 1839 1434 1894 bene
1474 1840 1728 1910 stipatam
1769 1842 1910 1911 opti-

203 1933 416 1968 morum
454 1914 877 1969 adulescentium
917 1914 1162 1984 domum,
1198 1915 1256 1968 in
1292 1915 1445 1968 nullo
1483 1914 1648 1969 fratre
1688 1916 1909 1987 degene-

202 1993 434 2059 rantem,
479 1989 695 2044 turbare
735 1993 789 2044 et
828 1989 943 2043 sine
981 1989 1093 2043 ulla
1131 2007 1292 2044 causa
1330 1989 1563 2044 delibare
1603 1989 1909 2060 [voluisti]?

145 2077 170 2117 5
195 2064 342 2118 nihil
380 2082 507 2135 ergo
547 2064 767 2135 prodest
805 2064 1112 2118 innocentia
1151 2065 1218 2118 ad
1258 2082 1471 2118 omnem
1501 2065 1677 2136 legem
1710 2067 1909 2135 exacta,

202 2138 341 2193 nihil
417 2140 639 2209 antiqua
714 2139 1018 2211 frugalitas,
1102 2138 1241 2192 nihil
1315 2139 1591 2194 felicitatis
1670 2158 1909 2193 summae

351 2299 382 2345 3
412 2300 558 2346 fratre
594 2301 632 2347 0
670 2301 818 2346 frater
852 2300 987 2346 Gertz
1023 2301 1040 2359 ΙΙ
1076 2300 1106 2345 4
1135 2314 1194 2345 ne
1224 2301 1336 2346 DE
1365 2301 1562 2358 Bentley
1599 2314 1686 2345 nec
1717 2301 1874 2346 BGV
1900 2301 1906 2360 Ι

202 2359 399 2417 indigno
435 2360 533 2406 GV
555 2361 667 2419 voly.
702 2361 846 2419 digno
884 2361 922 2406 O
950 2360 966 2420 ΙΙ
1005 2359 1064 2404 13
1092 2362 1146 2404 tu
1178 2362 1226 2406 et
1249 2361 1362 2405 DE
1389 2362 1437 2405 et
1459 2360 1623 2405 BHG
1653 2360 1669 2419 Η
1700 2359 1758 2405 14
1788 2373 1910 2417 equa

203 2420 319 2465 BH
354 2419 474 2465 bene
517 2433 640 2477 equa
675 2421 788 2466 DE
830 2419 965 2476 (bene
1008 2421 1061 2465 in
1099 2420 1208 2465 aliis
1245 2420 1478 2465 codicibus
1507 2425 1615 2477 post
1653 2421 1908 2477 antequam

205 2480 394 2538 leyitur;
425 2481 508 2535 cfr.
535 2481 790 2526 Rossbach:
829 2481 883 2524 dc
917 2480 1019 2525 Sen.
1054 2481 1208 2526 libror.
1239 2481 1495 2525 recensione
1525 2485 1568 2525 et
1598 2480 1910 2525 emendatione

195 2553 248 2596 p.
274 2541 421 2597 usq.)
464 2538 672 2598 benigna
707 2540 934 2586 Schultess
974 2540 990 2599 Η
1031 2539 1090 2584 18
1127 2539 1332 2596 reperire
1367 2540 1414 2584 B
1456 2539 1710 2596 rependere
1745 2539 1909 2584 ΒΕΘ

204 2599 544 2655 reprehendere
570 2601 628 2644 H
657 2600 661 2658 Ι
698 2600 970 2644 etiamnunc
994 2600 1156 2645 Haase
1186 2600 1282 2643 iam
1307 2613 1432 2643 nunc
1461 2599 1499 2644 O
1527 2599 1551 2702 q
1572 2599 1632 2644 20
1663 2600 1757 2643 cito
1787 2601 1836 2643 te
1861 2599 1908 2643 B

204 2660 252 2703 te
292 2671 376 2703 om.
411 2659 450 2705 Ο
487 2658 504 2718 ΙΙ
544 2659 602 2704 21
643 2660 734 2714 est,
774 2659 825 2703 in
862 2658 1042 2704 medios
1075 2694 1084 2703 .
1114 2693 1159 2703 ..
1200 2657 1411 2703 delibare
1452 2658 1531 2718 [uo
1551 2659 1715 2718 uisti]?
1758 2658 1910 2713 Gertz,

203 2717 396 2763 voluisti
441 2720 611 2764 inscita
650 2719 1000 2776 interpolatione
1041 2719 1104 2764 ad
1145 2719 1399 2774 infinitivos
1439 2719 1656 2777 regendos
1697 2718 1910 2763 additum

205 2793 297 2824 esse
327 2779 580 2824 arbitratus
621 2781 720 2824 est?
768 2779 819 2823 in
848 2779 1028 2823 medios
1063 2815 1070 2823 .
1099 2816 1107 2823 .
1137 2816 1144 2823 .
1180 2778 1390 2823 delibare
1420 2778 1644 2824 uoluisti?
1681 2779 1718 2824 Ο
1747 2779 1860 2836 volq.
1893 2777 1910 2837 ΙΙ

205 2838 264 2883 23
294 2840 392 2883 tam
418 2838 537 2883 bene
560 2840 607 2884 B
637 2839 832 2884 tandem
859 2839 948 2885 OG
980 2840 1118 2884 latere
1146 2840 1247 2883 tam
1271 2838 1413 2885 dense
1440 2841 1701 2896 suspicatur
1727 2838 1863 2884 Gertz
1892 2844 1910 2889 ΙΙ

204 2898 264 2943 25
293 2897 487 2943 turbare
510 2900 626 2944 BH
649 2898 928 2956 proturbare
951 2900 1002 2944 D
1033 2898 1309 2956 perturbare
1334 2900 1386 2944 Ε

1964 518 1983 551 5

1943 890 1985 923 10

1943 1261 1985 1296 15

1942 1633 1986 1667 20

1941 2006 1983 2040 25
