2028 3106
163 42 272 98 216
481 38 531 83 L.
555 38 792 83 ANNAEI
823 37 1097 84 SENECAE
1129 38 1288 84 DIAL.
1313 39 1425 84 LIB.
1450 39 1548 84 VII.

164 178 312 215 sacer
364 177 463 213 nec
512 158 750 213 Rutilius
803 159 909 212 fuit
957 176 1056 213 nec
1103 157 1271 213 Cato?
1347 163 1496 214 curet
1534 159 1749 229 aliquis,
1796 180 1865 215 an

163 234 282 289 istis
332 234 493 288 nimis
549 234 696 288 dives
734 233 1000 301 videatur,
1058 234 1250 301 quibus
1289 233 1594 288 Demetrius
1635 232 1864 304 Cynicus

162 326 353 379 parum
391 306 596 378 pauper
634 307 750 362 est?
813 307 989 360 virum
1028 308 1346 361 acerrimum
1378 312 1432 361 et
1462 312 1650 363 contra
1687 308 1868 362 omnia

162 386 383 437 naturae
433 382 692 436 desideria
739 384 1092 452 pugnantem,
1142 382 1247 436 hoc
1293 383 1665 451 pauperiorem
1706 401 1867 451 quam

162 460 367 511 ceteros
420 454 670 526 Cynicos,
722 455 887 525 quod,
937 473 1061 510 cum
1109 456 1211 510 sibi
1250 456 1622 510 interdixerint
1658 457 1868 526 habere,

163 530 443 585 interdixit
480 534 535 584 et
572 548 815 600 poscere,
855 533 1056 602 negant
1094 531 1222 585 satis
1262 531 1438 602 egere!
1515 530 1662 586 vides
1701 531 1866 585 enim:

163 623 275 659 non
314 605 530 659 virtutis
571 605 850 658 scientiam
890 605 982 659 sed
1021 605 1274 675 egestatis
1312 605 1585 674 professus
1623 609 1716 660 est.

312 708 456 763 XIX.
526 708 849 778 Diodorum,
917 708 1247 779 Epicureum
1304 708 1714 780 philosophum,
1775 711 1868 780 qui

163 784 306 838 intra
344 801 545 854 paucos
585 783 696 838 dies
735 784 898 836 finem
936 784 1079 836 vitae
1118 801 1244 837 suae
1281 801 1446 836 manu
1486 802 1582 837 sua
1615 784 1867 854 inposuit,

162 861 364 930 negant
417 877 484 912 ex
533 858 746 913 decreto
796 857 1022 927 Epicuri
1071 857 1282 927 fecisse,
1342 857 1487 927 quod
1538 858 1641 911 sibi
1686 859 1867 929 gulam

163 933 487 1002 praesecuit:
541 933 635 986 alii
685 932 1008 986 dementiam
1059 932 1228 985 videri
1278 933 1470 986 volunt
1522 932 1726 986 factum
1765 933 1869 987 hoc

162 1007 302 1076 eius,
352 1007 445 1060 alii
494 1006 878 1076 temeritatem3
926 1006 1018 1060 ille
1068 1007 1283 1060 interim
1336 1007 1523 1061 beatus
1571 1025 1632 1061 ac
1678 1007 1867 1077 plenus

162 1082 305 1134 bona
363 1081 691 1135 conscientia
749 1080 981 1134 reddidit
1042 1081 1145 1135 sibi
1192 1080 1562 1135 testimonium
1611 1081 1723 1135 vita
1783 1099 1869 1134 ex·

164 1155 354 1209 cedens
386 1155 729 1224 laudavitque
761 1155 951 1209 aetatis
982 1155 1040 1207 in
1070 1157 1232 1224 portu
1263 1157 1317 1207 et
1347 1154 1415 1208 ad
1445 1173 1696 1209 ancoram
1720 1158 1869 1210 actae

165 1230 400 1299 quietem
439 1233 494 1283 et
532 1229 692 1298 dixit,
730 1229 874 1299 quod
914 1246 1010 1282 vos
1050 1228 1207 1282 inviti
1245 1228 1493 1298 audistis,
1532 1230 1686 1298 quasi
1715 1229 1868 1283 vobis

165 1322 379 1373 quoque
416 1304 721 1357 faciendum
761 1304 852 1357 sit:

397 1418 508 1464 Vixi
540 1420 588 1464 et
622 1432 761 1476 quem
794 1418 991 1464 dederat
1022 1432 1208 1464 cursum
1239 1418 1429 1465 fortuna
1459 1420 1636 1478 peregi.

165 1527 229 1580 de
283 1526 501 1580 alterius
556 1526 688 1595 vita,
748 1525 812 1579 de
865 1515 1083 1580 alterius
1134 1529 1307 1579 morte
1362 1526 1646 1596 disputatis
1698 1529 1752 1580 et
1802 1525 1868 1579 ad

163 1618 361 1654 nomen
391 1617 710 1671 magnorum
743 1601 812 1654 ob
844 1601 1079 1670 aliquam
1103 1601 1354 1653 eximiam
1377 1601 1591 1654 laudem
1614 1601 1870 1669 virorum,

166 1675 305 1729 sicut
343 1674 410 1728 ad
450 1692 732 1729 occursum
783 1675 1093 1744 ignotorum
1143 1674 1424 1727 hominum
1461 1674 1658 1727 minuti
1697 1692 1867 1743 caneS‚
1900 1692 1920 1724 ε

164 1749 398 1818 latratis3
451 1748 669 1818 expedit
718 1748 859 1801 enim
914 1748 1068 1801 vobis
1117 1749 1385 1801 neminem
1434 1748 1603 1802 videri
1650 1748 1869 1818 bonum,

167 1824 320 1893 quasi
366 1822 541 1876 aliena
585 1823 756 1875 virtus
804 1822 1145 1892 exprobratio
1193 1822 1510 1877 delictorum
1548 1823 1587 1893 †
1626 1823 1868 1877 omnium

166 1898 249 1952 sit.
338 1897 509 1951 invidi
566 1897 845 1967 splendida
902 1915 1023 1951 cum
1078 1897 1322 1952 sordibus
1372 1898 1563 1952 vestris
1613 1898 1867 1951 confertis

164 1991 264 2027 nec
309 1971 645 2043 inteHegitis,
696 1975 897 2042 quanto
944 1972 1000 2025 id
1038 1975 1216 2026 vestro
1255 1972 1574 2026 detrimento
1613 1971 1866 2026 audeatis.

164 2065 291 2100 nam
342 2047 388 2100 si
434 2047 539 2115 illi,
593 2046 687 2115 qui
732 2047 986 2100 virtutem
1032 2050 1351 2115 sequuntur,
1403 2046 1549 2099 avari
1592 2046 1868 2100 libidinosi
1899 2063 1919 2095 ε

165 2120 543 2189 ambitiosique
575 2123 721 2188 sunt,
762 2120 891 2190 quid
921 2138 1018 2174 vos
1051 2121 1199 2189 estis,
1241 2121 1433 2190 quibus
1465 2122 1642 2190 ipsum
1671 2139 1868 2174 nomen

166 2195 382 2248 virtutis
430 2194 554 2248 odio
594 2194 711 2248 est?
785 2194 994 2266 negatis
1033 2212 1356 2264 quemquam
1394 2197 1684 2264 praestare,
1732 2212 1867 2264 quae

166 2270 430 2339 loquitur,
477 2287 575 2322 nec
621 2269 688 2321 ad
727 2269 998 2338 exemplar
1038 2269 1294 2323 orationis
1335 2287 1461 2323 suae
1499 2269 1698 2323 vivere:
1739 2267 1867 2337 quid

317 2445 374 2489 17
408 2445 535 2503 Very.
561 2445 678 2490 Aen.
703 2445 788 2490 IV
802 2447 890 2490 653
921 2445 1004 2501 cfr.
1030 2445 1158 2502 epist.
1183 2447 1256 2500 12,
1273 2449 1303 2491 9

136 2591 138 2595 χ
318 2548 348 2592 5
379 2548 708 2593 interdixerint
735 2550 902 2606 scripsi
926 2548 1208 2595 Gronovium
1233 2554 1433 2604 secutus,
1457 2549 1539 2606 qui
1568 2562 1674 2594 cum
1698 2547 1866 2604 <hi>

170 2607 262 2653 sibi
307 2607 638 2653 interdixerint
682 2610 798 2653 coni.
842 2608 1140 2653 interdixerit
1172 2609 1220 2654 A
1259 2608 1276 2667 ΙΙ
1321 2607 1381 2653 14
1420 2607 1730 2664 laudabitque
1764 2608 1812 2653 A
1851 2606 1868 2665 ΙΙ

170 2667 229 2712 15
252 2666 406 2712 inuidi
428 2667 475 2712 A
496 2666 513 2726 ΙΙ
534 2666 594 2712 22
617 2666 894 2724 exprobatio
918 2667 1205 2713 delectorum
1220 2669 1267 2713 A
1289 2681 1406 2714 corr.
1430 2681 1487 2713 ex
1508 2678 1537 2712 ς
1560 2667 1571 2737 1
1597 2667 1804 2712 omnium
1821 2669 1867 2710 A

169 2729 427 2772 vestrorum
458 2727 572 2785 voly.
605 2725 903 2784 exprobratio
935 2726 1224 2772 detectorum
1255 2727 1504 2772 criminum
1534 2728 1597 2772 sit
1626 2726 1864 2773 Schultess.

170 2799 325 2831 verum
347 2786 552 2832 nondum
575 2787 810 2832 inventum
838 2786 855 2845 ΙΙ
883 2785 944 2831 23
965 2785 1103 2832 inuiti
1130 2787 1177 2831 A
1202 2800 1316 2833 corr.
1340 2787 1394 2832 in
1415 2797 1445 2831 ς
1472 2786 1490 2856 Ι]
1518 2785 1577 2832 27
1601 2786 1863 2843 prestareq3

172 2843 407 2901 eloquitur
432 2846 476 2889 A
505 2845 522 2904 ΙΙ
552 2844 611 2890 28
642 2845 867 2890 orationis
897 2846 1011 2904 volq.
1037 2860 1059 2891 e
1082 2847 1213 2892 Pinc.
1239 2846 1366 2892 codd.
1399 2845 1596 2891 rationis
1620 2845 1666 2889 A

1901 878 1943 911 10

1901 1248 1942 1281 15
