2034 3086
121 184 143 222 7
179 171 363 237 captas
415 168 588 220 multa
650 166 808 220 caede
857 165 1207 220 venantium?
1255 165 1445 221 infelix
1498 170 1580 221 est
1633 167 1887 239 Rutilius,

83 1969 138 2010 10

180 49 211 101 8
529 46 578 89 L.
606 43 843 89 ANNAEI
875 42 1149 89 SENECAE
1181 44 1341 91 DIAL.
1367 45 1479 92 LIB.
1505 45 1539 90 Ι.

177 243 322 313 quod
373 241 466 312 qui
513 242 668 294 illum
708 240 1098 295 damnaverunt
1144 258 1359 295 causam
1405 241 1584 296 dicent
1636 244 1884 298 omnibus

178 316 442 371 saeculis?
518 315 661 384 quod
712 316 965 383 aequiore
1015 315 1194 368 animo
1233 333 1423 384 passus
1463 319 1545 370 est
1583 334 1640 370 se
1677 318 1882 387 patriae

177 392 312 461 eripi
362 408 524 459 quam
564 389 669 442 sibi
708 389 966 443 exilium?
1043 389 1187 459 quod
1228 388 1410 444 Sullae
1449 391 1698 445 dictatori
1733 394 1880 447 solus

177 465 380 535 aliquid
429 464 649 535 negavit
698 467 753 518 et
804 467 1086 518 revocatus
1136 466 1349 518 tantum
1387 483 1500 519 non
1537 468 1680 519 retro
1721 467 1881 521 cessit

177 544 231 593 et
282 539 497 610 longius
544 537 723 609 fugit?
799 538 1069 592 ‘viderint'
1118 539 1296 607 inquit
1343 539 1452 593 ‘isti
1503 558 1636 609 quos
1676 539 1881 595 Romae

176 613 529 683 deprehendit
566 612 796 666 felicitas
836 616 943 666 tua.
1020 613 1238 666 videant
1273 614 1487 685 largum
1525 615 1583 668 in
1620 614 1738 668 foro
1763 631 1879 668 san-

175 689 394 759 guinem
451 690 506 740 et
560 705 724 756 supra
779 685 1136 742 Servilianum
1189 689 1368 741 lacum
1423 686 1503 760 (id
1557 688 1700 742 enim
1758 707 1880 759 pro-

175 761 480 832 scriptionis
533 760 785 815 Sullanae
829 762 1142 832 spoliarium
1197 759 1302 833 est)
1349 766 1658 817 senatorum
1705 763 1880 833 capita

175 840 229 891 et
266 837 468 906 passim
507 837 754 908 vagantis
791 854 890 906 per
926 838 1115 891 urbem
1162 854 1538 907 percussorum
1586 856 1775 910 greges
1826 841 1880 892 et

173 912 346 965 multa
383 911 533 965 milia
573 911 770 965 civium
811 910 1180 966 Romanorum
1230 930 1339 966 uno
1384 913 1506 966 loco
1538 917 1664 983 post
1701 914 1878 983 fidem,

172 987 339 1040 immo
379 1005 477 1056 per
513 987 688 1055 ipsam
726 986 890 1039 fidem
927 987 1217 1041 trucidata:
1246 986 1464 1040 videant
1493 987 1598 1040 ista
1630 989 1724 1057 qui
1755 1007 1878 1042 exu-

170 1062 282 1115 lare
335 1079 447 1114 non
499 1060 764 1131 possunt?
858 1061 987 1129 quid
1042 1062 1209 1133 ergo?
1299 1061 1432 1115 felix
1485 1065 1567 1115 est
1604 1061 1663 1115 L.
1712 1061 1878 1132 Sulla,

173 1136 318 1205 quod
371 1135 453 1187 illi
507 1135 851 1189 descendenti
905 1135 972 1188 ad
1010 1136 1201 1190 'forum
1256 1136 1435 1207 gladio
1494 1141 1878 1206 summovetur,

173 1209 317 1279 quod
368 1209 546 1279 capita
592 1210 697 1263 sibi
744 1210 1108 1264 consularium
1146 1211 1384 1265 virorum
1423 1211 1629 1280 patitur
1667 1211 1877 1266 ostendi

172 1288 225 1337 et
263 1285 497 1354 pretium
547 1285 721 1338 caedis
768 1303 865 1354 per
904 1288 1242 1354 quaestorem
1282 1305 1344 1340 ac
1383 1286 1593 1339 tabulas
1632 1286 1875 1355 publicas

171 1359 454 1412 numerat?
542 1362 597 1412 et
645 1359 778 1413 haec
829 1359 1011 1412 omnia
1059 1360 1192 1414 facit
1240 1360 1355 1430 ille,
1409 1360 1498 1413 ille
1555 1360 1647 1428 qui
1699 1362 1875 1432 legem

173 1432 478 1487 Corneliam
516 1434 658 1486 tulit.
735 1433 1012 1488 veniamus
1053 1434 1120 1487 ad
1152 1434 1444 1506 Regulum:
1484 1434 1613 1503 quid
1651 1434 1733 1487 illi
1770 1435 1875 1488 for-

171 1511 304 1561 tuna
326 1508 537 1576 nocuit,
561 1508 704 1577 quod
729 1508 885 1561 illum
910 1509 1291 1562 documentum
1316 1507 1465 1577 fidei,
1493 1508 1874 1562 documentum

169 1582 460 1651 patientiae
517 1581 682 1636 fecit?
767 1583 946 1654 figunt
1004 1586 1182 1637 cutem
1237 1583 1374 1637 clavi
1428 1586 1483 1636 et
1536 1601 1876 1652 quocumque

170 1657 459 1728 fatigatum
507 1675 701 1726 corpus
739 1658 1044 1727 reclinavit,
1091 1657 1302 1711 vulneri
1339 1657 1628 1727 incumbit,
1665 1658 1723 1711 in
1760 1666 1876 1728 per-

170 1735 388 1801 petuam
439 1731 680 1803 vigiliam
732 1747 990 1802 suspensa
1040 1735 1166 1786 sunt
1214 1732 1442 1786 lumina:
1494 1736 1695 1802 quanto
1750 1734 1873 1803 plus

170 1806 428 1860 tormenti
473 1810 626 1861 tanto
674 1807 796 1876 plus
837 1807 939 1861 erit
976 1808 1192 1879 gloriae.
1268 1806 1350 1861 vis
1390 1807 1526 1861 scire
1565 1825 1727 1877 quam
1763 1826 1876 1861 non

171 1882 442 1951 paeniteat
480 1881 585 1935 hoc
623 1882 798 1951 pretio
839 1881 1147 1935 aestimasse
1173 1881 1468 1936 virtutem?
1520 1882 1681 1936 refice
1719 1882 1872 1935 illum

171 1959 226 2010 et
275 1956 430 2010 mitte
468 1955 526 2009 in
577 1959 845 2010 senatum:
897 1956 1118 2011 eandem
1166 1957 1488 2011 sententiam
1528 1957 1682 2011 dicet.
1759 1957 1872 2010 feli-

319 2141 350 2186 2
381 2140 728 2186 damnauerunt
752 2141 783 2185 d
807 2154 999 2186 causam
1030 2142 1079 2197 (d
1103 2142 1187 2187 del.
1215 2157 1269 2186 m.
1297 2143 1340 2199 1)
1366 2142 1412 2186 A
1443 2142 1459 2200 Η
1488 2141 1518 2186 3
1546 2141 1671 2197 quod
1695 2141 1745 2197 (d
1768 2155 1803 2186 s.
1829 2156 1868 2186 v.

170 2201 276 2246 add.
301 2216 360 2247 m.
383 2205 432 2254 2)
456 2202 503 2246 A
543 2201 560 2260 ΙΙ
600 2200 630 2245 4
661 2200 779 2260 sylle
802 2202 850 2245 A
890 2200 907 2260 Η
947 2201 977 2246 5
1006 2203 1192 2246 tantum
1236 2215 1330 2245 non
1371 2203 1495 2246 retro
1540 2201 1681 2246 cessit
1719 2203 1768 2245 et
1801 2200 1871 2246 A¹

169 2274 283 2306 corr.
307 2262 361 2305 in
390 2274 486 2305 non
514 2261 702 2305 tantum
731 2261 856 2305 retro
890 2261 1032 2306 cessit
1061 2262 1134 2306 set
1156 2260 1227 2306 A⁸
1246 2261 1264 2321 ΙΙ
1292 2261 1323 2306 9
1346 2263 1613 2306 senatorum
1637 2262 1686 2305 et
1710 2261 1871 2318 capita

169 2327 240 2373 A¹
268 2327 347 2373 sed
384 2328 434 2373 et
462 2333 626 2384 postea
663 2327 747 2372 del.
790 2326 807 2387 ΙΙ
848 2327 906 2372 11
939 2327 1115 2372 ciuium
1144 2322 1200 2373 R.
1232 2329 1280 2374 A
1321 2328 1337 2388 Η
1378 2328 1437 2373 12
1466 2327 1707 2372 trucidata
1730 2329 1777 2373 A
1808 2328 1871 2386 (ci

168 2400 204 2432 8.
228 2402 269 2432 v.
294 2387 401 2432 add.
426 2402 483 2432 m.
512 2390 555 2444 1)
587 2387 603 2446 Η
634 2386 693 2431 13
721 2401 865 2444 supra
896 2387 1012 2444 quid
1041 2388 1175 2433 solito
1201 2389 1466 2445 compendio
1488 2388 1707 2444 scriptum
1738 2388 1757 2431 i
1787 2387 1869 2432 ad-

161 2447 296 2503 picta
326 2452 390 2492 est
418 2448 472 2491 in
493 2447 540 2492 A
569 2447 573 2506 Ι
602 2446 724 2503 sylla
746 2447 793 2492 A
823 2446 839 2505 ΙΙ
868 2446 928 2491 15
955 2447 1164 2492 ostendit
1191 2449 1245 2492 in
1274 2447 1346 2492 -di
1369 2462 1482 2492 corr.
1507 2447 1577 2492 A²
1598 2447 1614 2507 ΙΙ
1645 2446 1702 2491 17
1726 2446 1871 2491 faciet

169 2520 286 2551 corr.
317 2507 370 2551 in
407 2505 526 2551 facit
549 2506 619 2552 A²
660 2507 666 2566 Ι
711 2506 792 2551 ille
823 2506 904 2551 ille
928 2507 975 2551 A
1005 2506 1087 2551 ine
1118 2506 1250 2552 Sulla
1280 2507 1505 2553 Schultess
1548 2506 1630 2551 ille
1659 2507 1762 2564 ipse
1801 2508 1869 2563 (in

169 2566 298 2610 codd.
318 2567 515 2623 .8aepius
544 2566 628 2610 isse
658 2569 914 2620 exaratum)
945 2580 1024 2624 eqo
1054 2568 1351 2621 coniecerant,
1382 2581 1506 2611 nunc
1536 2567 1706 2612 codicis
1734 2567 1870 2611 verba

169 2631 347 2670 mutare
377 2626 561 2681 dubito;
594 2626 696 2671 vide
728 2627 938 2681 Wo‘lffli‘n
967 2626 1077 2671 ‘Die
1112 2627 1406 2672 Geminatio‘n
1436 2628 1500 2670 im
1523 2626 1868 2671 Lateinischen’

171 2685 411 2730 Sita-Ber.
436 2687 606 2744 Bayer.
633 2686 783 2730 Akad.
809 2689 929 2730 1882
951 2699 1002 2742 p.
1020 2689 1108 2731 433
1145 2686 1162 2746 ΙΙ
1207 2686 1265 2731 19
1295 2687 1432 2731 verba
1461 2685 1586 2730 fidei.
1619 2686 1867 2730 documen-

169 2745 270 2788 tum
301 2745 355 2788 ἐκ
384 2759 527 2803 mary.
553 2746 659 2790 add.
685 2743 754 2788 A¹
790 2750 832 2790 et
864 2751 973 2802 post
1014 2745 1343 2791 documentum
1386 2746 1629 2790 inserenda
1658 2759 1748 2790 esse
1777 2747 1865 2802 32⁶9-

169 2805 379 2858 ‘nificavit
414 2803 431 2863 ΙΙ
467 2804 527 2849 23
558 2804 737 2862 gloriae
777 2805 907 2861 (corr.
931 2806 1022 2850 vid.
1048 2820 1104 2851 ex
1133 2806 1243 2863 ·ria)
1267 2807 1313 2850 A
1343 2805 1360 2864 Η
1396 2804 1456 2850 24
1487 2805 1624 2851 refice
1647 2806 1687 2850 A
1723 2804 1865 2862 refige

171 2864 384 2908 Laurscm
415 2878 489 2920 ap.
520 2864 676 2920 Gertz,
706 2865 812 2920 fort.
837 2870 951 2910 recte

1911 859 1953 891 10

1910 1230 1950 1263 15

1906 1603 1951 1635 20

1905 1974 1947 2008 25
