2028 3106
17 915 59 947 10

16 1287 59 1320 15

16 2036 59 2069 25

115 101 200 146 AD
224 98 507 144 HELVIAM
528 98 794 143 MATREM
817 98 899 143 DE
924 97 1388 144 CONSOLATIONE
1413 97 1540 144 CAP.
1562 102 1616 143 10
1684 98 1796 154 355

91 224 305 277 hostem
374 223 710 292 percusserat
776 221 1120 288 laureamque
1182 220 1239 273 in
1301 217 1594 289 Capitolini
1652 218 1796 273 Iovis

92 297 298 382 gremio
329 298 663 367 reposuerat,
702 313 864 363 quam
889 293 1113 364 Apicius
1143 297 1330 348 nostra
1359 295 1619 347 memoria
1647 294 1796 364 vixit,

93 372 186 442 qui
240 372 326 425 in
350 390 414 425 ea
464 370 620 439 urbe,
673 387 740 422 ex
794 387 901 439 qua
954 369 1243 439 aliquando
1290 369 1604 439 philosophi
1648 369 1798 422 velut

92 450 433 531 corruptores
480 443 775 498 iuventutis
822 444 968 497 abire
1014 445 1146 498 iussi
1193 448 1341 514 sunt,
1386 444 1665 498 scientiam
1704 461 1798 528 po-

91 522 250 591 pinae
287 521 561 591 professus
601 518 887 588 disciplina
916 537 1014 572 sua
1044 520 1325 573 saeculum
1347 518 1570 573 infecit'
1643 519 1796 572 cuius

92 596 295 650 exitum
362 611 523 648 nosse
585 594 1073 663 operaepretium
1134 597 1228 647 est.
1306 611 1429 647 cum
1491 593 1797 647 sestertium

90 670 325 725 milliens
386 669 446 722 in
504 667 740 722 culinam
802 668 1141 738 coniecisset,
1201 687 1324 723 cum
1386 671 1470 722 tot
1523 668 1799 740 congiaria

89 746 397 815 principum
446 746 503 797 et
545 743 736 814 ingens
783 741 1037 813 Capitolii
1081 744 1315 815 vectigal
1361 743 1588 814 singulis
1635 743 1799 796 comi-

91 819 390 874 sationibus
437 819 814 888 exsorpsisset,
859 837 979 871 aere
1018 818 1194 871 alieno
1235 836 1524 888 oppressus
1563 817 1798 872 rationes

90 912 215 949 suas
253 897 386 947 tunc
422 893 657 963 primum
695 896 913 947 coactus
953 892 1210 962 inspexit:
1249 892 1655 963 superfuturum
1694 891 1801 946 sibi

89 969 395 1024 sestertium
434 968 672 1022 centiens
711 967 1048 1037 computavit
1086 970 1140 1020 et
1171 968 1319 1020 velut
1348 968 1406 1021 in
1436 968 1628 1021 ultima
1657 967 1799 1022 fame

88 1045 351 1113 victurus,
390 1043 437 1097 si
474 1043 533 1096 in
563 1042 809 1097 sestertio
843 1042 1081 1096 centiens
1113 1042 1355 1110 vixisset,
1394 1061 1598 1095 veneno
1631 1043 1799 1097 vitam

91 1119 282 1172 finivit.
360 1121 564 1203 quanta
611 1116 827 1170 luxuria
876 1120 1013 1184 erat,
1067 1117 1155 1170 cui
1206 1083 1443 1170 centiens
1495 1117 1800 1171 sestertium

91 1197 301 1266 egestas
341 1193 467 1246 fuiti
544 1192 564 1245 i
601 1210 746 1246 nunc
786 1195 840 1245 et
877 1195 1008 1261 puta
1046 1192 1304 1262 pecuniae
1336 1191 1556 1245 modum
1588 1192 1655 1245 ad
1686 1211 1799 1246 rem

91 1269 380 1340 pertinere,
426 1285 539 1321 non
584 1267 762 1321 animi.
841 1268 1145 1320 sestertium
1192 1266 1430 1321 centiens
1478 1267 1673 1336 aliquis
1713 1286 1800 1321 ex·

92 1344 279 1397 timuit
325 1347 402 1412 et,
454 1342 600 1412 quod
645 1342 737 1396 alii
782 1345 911 1395 voto
960 1345 1175 1412 petunt,
1224 1360 1431 1395 veneno
1477 1342 1642 1413 fugit!
1718 1342 1800 1396 illi

91 1437 220 1472 vero
267 1422 380 1471 tam
427 1436 623 1487 pravae
662 1417 856 1470 mentis
896 1417 1106 1469 homini
1143 1417 1336 1469 ultima
1374 1416 1526 1486 potio
1566 1417 1799 1471 saluber-

91 1494 229 1547 rima
277 1492 405 1546 fuit:
454 1495 586 1547 tunc
634 1511 840 1546 venena
889 1491 1081 1545 edebat
1129 1491 1477 1560 bibebatque,
1530 1509 1653 1545 cum
1702 1491 1800 1545 im·

90 1568 290 1622 mensis
329 1568 502 1638 epulis
540 1586 652 1621 non
683 1567 1037 1621 delectaretur
1067 1569 1302 1636 tantum,
1341 1566 1433 1619 sed
1464 1567 1800 1637 gloriaretur,

91 1661 214 1698 cum
263 1642 397 1696 vitia
441 1661 538 1697 sua
584 1645 903 1711 ostentaret,
953 1659 1076 1694 cum
1123 1641 1396 1695 civitatem
1436 1642 1494 1694 in
1531 1642 1800 1696 luxuriam

91 1736 244 1772 suam
282 1721 640 1788 converteret,
680 1735 804 1771 cum
844 1716 1179 1769 iuventutem
1218 1716 1286 1769 ad
1326 1716 1683 1770 imitationem
1717 1717 1799 1770 sui

90 1793 407 1848 sollicitaret
452 1793 614 1846 etiam
661 1794 777 1845 sine
825 1791 980 1844 malis
1028 1791 1286 1861 exemplis
1326 1809 1422 1860 per
1461 1810 1517 1845 se
1557 1791 1799 1845 docilem.

89 1868 223 1922 haec
268 1868 521 1923 accidunt
566 1867 781 1921 divitias
827 1884 940 1919 non
985 1866 1053 1919 ad
1097 1867 1360 1919 rationem
1408 1867 1801 1937 revocantibus,

90 1943 243 1998 cuius
283 1943 416 1998 certi
454 1943 589 1996 fines
629 1946 779 2010 sunt,
818 1941 911 1995 sed
950 1940 1016 1994 ad
1056 1940 1308 1994 vitiosam
1341 1941 1799 2012 consuetudinem,

90 2018 241 2072 cuius
280 2019 585 2072 inmensum
625 2021 679 2070 et
717 2016 1188 2086 incomprensibile
1227 2015 1507 2069 arbitrium
1540 2020 1633 2071 est.
1711 2035 1800 2071 cu·

92 2093 307 2164 piditati
345 2093 486 2147 nihil
524 2091 654 2146 satis
693 2094 797 2160 est,
842 2094 1065 2144 naturae
1105 2091 1235 2144 satis
1274 2094 1356 2145 est
1394 2092 1555 2145 etiam
1594 2111 1798 2162 parum.

90 2168 299 2222 nullum
368 2186 498 2240 ergo
569 2170 856 2237 paupertas
919 2165 1091 2220 exulis
1152 2166 1554 2220 incommodum
1616 2166 1800 2238 habet3

90 2243 301 2297 nullum
340 2243 483 2297 enim
521 2246 633 2296 tam
674 2244 829 2311 inops
870 2241 1091 2295 exilium
1132 2244 1235 2310 est,
1275 2242 1419 2311 quod
1458 2261 1568 2295 non
1607 2242 1798 2298 alendo

90 2317 300 2372 homini
339 2317 549 2372 abunde
586 2317 763 2371 fertile
803 2316 885 2370 sit.

243 2571 274 2615 9
306 2571 612 2628 exsorpsisset
635 2572 679 2616 A
712 2574 762 2628 (p
793 2584 827 2614 s.
853 2585 893 2615 v.
920 2570 1027 2614 add.
1052 2570 1158 2625 sort.
1183 2584 1240 2614 m.
1267 2571 1309 2626 1)
1339 2570 1356 2628 Η
1387 2568 1445 2614 12
1469 2574 1511 2615 et
1534 2568 1593 2614 13
1624 2570 1799 2616 centies

94 2633 187 2690 Al!
217 2631 313 2677 14
301 2647 317 2676 ι
342 2645 466 2675 nunc
491 2632 750 2676 Pincianus
782 2630 925 2675 inuno
951 2632 995 2675 A
1019 2632 1035 2686 Η
1065 2629 1125 2674 28
1149 2629 1339 2674 exilium
1364 2630 1477 2687 voly
1504 2630 1697 2675 exitium
1715 2632 1760 2677 A
1782 2631 1801 2710 {J

92 2692 153 2738 28
196 2691 351 2737 fertile
390 2691 463 2735 sit
526 2691 606 2736 At
634 2692 809 2735 vestem
852 2703 907 2735 ac
946 2690 1134 2735 domum
1177 2689 1527 2735 desideraturus
1559 2692 1631 2735 est
1660 2691 1781 2737 exul

97 2752 235 2798 Gertz
274 2750 428 2796 fertile
461 2751 499 2796 si
531 2753 626 2795 tam
654 2750 711 2808 (ἓ)
744 2752 924 2796 uestem
957 2750 1204 2795 acdomum
1238 2749 1587 2795 desideraturus
1619 2754 1691 2796 est
1722 2764 1800 2796 ex-

94 2811 166 2856 sul
194 2812 260 2857 A¹
293 2810 447 2856 fertile
480 2812 647 2869 sitlsan
678 2813 858 2856 uestem
888 2810 1134 2855 acdomum
1161 2810 1511 2855 desideraturus
1535 2811 1618 2855 est.
1668 2811 1800 2856 exsul

94 2872 164 2918 A‘
196 2873 268 2916 An
292 2873 467 2916 vestem
493 2884 548 2916 ac
572 2870 761 2916 domum
788 2871 883 2916 des.
910 2885 949 2916 e.
975 2875 1045 2916 e.?
1070 2870 1254 2916 Fickert
1277 2875 1319 2916 et
1344 2871 1502 2916 Haase
1534 2872 1586 2915 at
1607 2873 1799 2928 vestem,

97 2934 148 2976 at
179 2931 369 2977 domum
403 2931 498 2976 des.
525 2945 563 2977 e.
590 2944 629 2976 e.
658 2931 919 2989 Heusinyer

1351 3019 1440 3065 23*

1833 1878 1976 1937 ιι,
