2034 3086
232 78 339 133 166
559 77 609 122 L.
634 42 870 122 ANNAEI
902 70 1176 122 SENECAE
1207 68 1604 123 D1AL.LIB.V1.

228 199 454 269 excutit,
505 199 878 253 sollicitudinis
927 210 1138 268 semper
1183 199 1285 252 sibi
1324 198 1733 269 nutrimentum,
1771 199 1926 254 vitio·

230 291 350 327 sum
388 276 442 327 et
479 273 693 326 inutile.
757 272 1015 326 miramur
1062 273 1121 326 in
1160 273 1266 328 hoc
1303 276 1554 342 mortem,
1592 292 1729 344 quae
1765 275 1924 328 unius

229 348 498 419 singultus
532 366 666 417 opus
698 346 814 399 est?
867 347 1130 416 numquid
1160 348 1303 401 enim
1310 388 1327 417 ,
1355 351 1417 401 ut
1446 347 1716 418 concidat,
1745 350 1926 420 magni

228 440 313 475 res
359 421 658 476 molimenti
700 420 817 474 est?
893 421 1026 475 odor
1062 422 1145 474 illi
1184 440 1448 492 saporque
1486 425 1540 475 et
1575 422 1835 477 lassitudo
1873 427 1927 477 et

229 496 417 567 vigilia
470 499 524 550 et
575 514 731 549 umor
784 499 839 550 et
891 496 1041 549 cibus
1095 498 1150 549 et
1198 496 1312 549 sine
1360 497 1552 566 quibus
1597 497 1776 551 vivere
1816 516 1926 551 non
1981 515 2001 547 5

229 573 409 640 potest
460 571 736 624 mortifera
789 573 936 639 sunt3
989 587 1327 639 quocumque
1382 589 1439 624 se
1491 571 1682 640 movit,
1744 572 1926 625 statim

228 645 555 699 infirmitatis
607 663 733 699 suae
782 644 1076 713 conscium,
1126 651 1243 697 non·
1287 662 1444 698 omne
1494 645 1699 699 caelum
1736 645 1926 715 ferens,

229 737 488 788 aquarum
536 719 866 773 novitatibus
915 719 1152 788 flatuque
1200 735 1312 772 non
1360 719 1639 773 familiaris
1678 726 1835 774 aurae
1874 723 1928 773 et

228 794 557 847 tenuissimis
589 794 762 848 causis
794 796 954 863 atque
986 793 1368 847 offensionibus
1398 793 1728 864 morbidum,
1756 797 1927 864 putre,

229 869 553 938 causariam,
592 868 723 922 fletu
761 869 928 922 vitam
967 868 1323 938 auspicatum,
1363 886 1486 922 cum
1517 868 1732 923 interim
1765 887 1927 939 quan-
1961 886 2003 919 ιο

228 945 313 996 tos
352 944 618 997 tumultus
657 944 760 998 hoc
797 946 910 996 tam
950 945 1318 1013 contemptum
1357 943 1557 996 animal
1594 945 1796 998 movet!
1871 945 1928 997 in

230 1020 456 1086 quantas
510 1018 863 1089 cogitationes
918 1017 1147 1071 oblitum
1201 1017 1530 1072 condicionis
1586 1036 1710 1072 suae
1759 1019 1927 1072 venit!

229 1093 556 1162 inmortalia,
596 1096 809 1146 aeterna
846 1093 1057 1146 volutat
1094 1093 1271 1145 animo
1311 1095 1366 1146 et
1399 1093 1457 1145 in
1486 1096 1707 1162 nepotes
1738 1111 1927 1162 prone-

228 1170 488 1237 potesque
539 1167 798 1236 disponit,
849 1185 972 1221 cum
1023 1167 1237 1220 interim
1283 1167 1449 1237 longa
1486 1171 1767 1221 conantem
1805 1186 1927 1221 eum

228 1259 372 1295 mors
427 1242 687 1311 opprimit
740 1245 794 1295 et
846 1242 972 1311 hoc,
1024 1241 1168 1311 quod
1218 1244 1460 1295 senectus
1506 1245 1750 1311 vocatur,
1800 1261 1928 1311 pau·
1960 1257 2002 1291 ιε

230 1316 566 1370 cissimorum
604 1320 678 1370 est
715 1316 970 1371 circuitus
1010 1334 1285 1370 annorum.

377 1389 495 1444 XII.
545 1389 719 1444 Dolor
747 1394 895 1460 tuus,
928 1391 974 1443 si
1005 1391 1166 1444 modo
1197 1391 1309 1443 ulla
1339 1390 1420 1443 illi
1451 1392 1589 1444 ratio
1621 1397 1725 1460 est,
1747 1394 1928 1444 utrum

228 1482 324 1518 sua
374 1468 582 1535 spectat
630 1465 970 1519 incommoda
1015 1483 1084 1518 an
1126 1465 1239 1518 eius
1279 1464 1372 1534 qui
1411 1464 1672 1518 decessit?
1747 1466 1927 1518 utrum

227 1541 280 1592 te
331 1539 388 1592 in
438 1540 636 1593 amisso
686 1539 801 1593 fflio
852 1542 1052 1608 movet,
1100 1539 1244 1608 quod
1288 1538 1464 1592 nullas
1503 1557 1570 1592 ex
1607 1538 1701 1592 illo
1740 1537 1928 1608 volup·

227 1616 364 1667 tates
419 1614 632 1683 cepisti,
694 1633 763 1667 an
821 1613 965 1684 quod
1026 1614 1278 1682 maiores,
1340 1613 1387 1667 si
1441 1612 1641 1667 diutius
1693 1612 1930 1682 vixisset,
1959 1630 2003 1663 so

228 1688 500 1758 percipere
554 1687 818 1759 potuisti?
908 1688 954 1742 si
1005 1687 1182 1741 nullas
1243 1687 1543 1758 percepisse
1603 1690 1656 1741 te
1718 1687 1931 1756 dixeris,

228 1763 560 1818 tolerabilius
614 1763 823 1817 'efficies
886 1762 1262 1816 detrimentum
1319 1765 1495 1832 tuum3
1555 1761 1732 1815 minus
1786 1763 1928 1815 enim

227 1836 473 1892 homines
513 1837 815 1892 desiderant
851 1856 935 1907 ea,
974 1855 1041 1891 ex
1079 1837 1273 1907 quibus
1310 1835 1449 1890 nihil
1483 1836 1645 1908 gaudi
1674 1835 1929 1891 laetitiae-

227 1967 376 2012 pavor
404 1954 679 2015 repentinus
712 1956 798 2013 (ita
818 1955 915 2000 iam
937 1954 1147 2011 Lipsius)
1181 1953 1332 1999 cludit
1362 1955 1411 1999 et
1441 1966 1498 1999 ex
1522 1953 1761 2011 inproviso
1789 1967 1928 1997 sonus

228 2015 399 2072 Haupt
440 2028 580 2072 quem
623 2014 776 2059 fatum
818 2013 1116 2071 repentinum
1156 2012 1337 2058 claudit
1367 2014 1416 2058 et
1445 2026 1515 2058 ex.
1540 2013 1572 2058 i.
1597 2027 1631 2058 s.
1664 2014 1929 2071 Petschenig]

229 2087 369 2131 quem
408 2074 730 2131 spectaculum
768 2073 1066 2131 repentinum
1106 2075 1190 2117 aut
1228 2072 1419 2117 auditus
1451 2086 1509 2118 ex
1539 2072 1569 2118 i.
1595 2087 1630 2118 s.
1668 2087 1708 2118 v.
1734 2073 1777 2118 d.
1805 2073 1930 2118 Vliet

229 2147 369 2191 quem
402 2147 636 2192 apparens
666 2133 965 2191 repentinum
995 2133 1224 2191 gaudium
1248 2134 1297 2177 et
1320 2146 1388 2178 ex.
1413 2132 1444 2177 i.
1471 2146 1505 2177 s.
1534 2132 1759 2179 Schultess
1790 2145 1928 2190 quem

228 2207 401 2251 pavore
424 2194 670 2251 repentino
685 2193 757 2238 vel
783 2193 974 2237 auditus
998 2206 1056 2237 ex
1077 2193 1109 2238 i.
1124 2207 1158 2237 s.
1180 2192 1317 2238 Gertz
1339 2205 1478 2249 quem
1497 2205 1643 2249 pavor
1656 2192 1929 2250 repentinus

230 2255 394 2311 <aut,
425 2256 623 2310 quem>
668 2253 867 2311 audi(e)t
897 2266 955 2297 ex
984 2253 1031 2308 i.‚
1071 2266 1107 2297 s.
1133 2253 1311 2298 Hosius
1318 2269 1335 2307 ;
1374 2252 1502 2297 haud
1534 2253 1628 2297 scio
1661 2266 1727 2296 an
1760 2251 1930 2297 Seneca

228 2315 462 2370 scripserit
498 2326 639 2370 quem
668 2326 816 2370 pavor
845 2312 1119 2369 repentinus
1150 2313 1235 2356 aut
1266 2311 1456 2356 auditus
1488 2324 1545 2356 ex
1573 2311 1604 2356 i.
1631 2324 1665 2355 8.
1696 2310 1713 2371 ΙΙ
1743 2310 1770 2355 1
1803 2309 1929 2355 solli-

231 2373 455 2417 citudinis
483 2373 619 2418 Gertz
650 2372 757 2417 solli
779 2375 827 2417 A
855 2371 980 2416 fellis
1005 2372 1231 2418 Schultess
1257 2370 1345 2416 soli
1369 2384 1551 2428 semper
1575 2370 1927 2427 <serviens.2>

231 2431 337 2487 sibi,
354 2434 464 2477 nutr
494 2433 572 2477 vit.
591 2433 640 2477 et
660 2432 725 2477 in.
744 2431 972 2491 Madviyss
993 2431 1023 2476 2
1046 2430 1214 2475 inutile
1230 2441 1259 2475 ς
1272 2430 1329 2475 -11
1351 2431 1398 2476 A
1412 2430 1437 2534 {l
1461 2429 1492 2475 3
1511 2429 1745 2488 singultus
1769 2431 1929 2475 Haase

230 2491 463 2550 singulius
486 2493 532 2538 A
564 2491 762 2550 singulis
786 2501 816 2536 ς
837 2491 854 2551 ΙΙ
878 2491 902 2536 7
928 2491 1080 2551 celum
1110 2505 1222 2536 carr,
1248 2504 1305 2535 ex
1334 2503 1411 2535 sce
1431 2504 1486 2534 us
1508 2492 1555 2536 A
1578 2490 1594 2550 Η
1628 2489 1658 2535 8
1680 2489 1927 2546 familiaris

231 2564 348 2596 aura
371 2553 420 2596 et
435 2552 482 2597 A
503 2551 520 2612 ΙΙ
542 2551 600 2597 10
623 2564 872 2596 causarum
888 2552 935 2596 A
958 2564 1070 2596 corr.
1090 2550 1261 2596 Gruter
1280 2550 1297 2610 ΙΙ
1319 2549 1376 2595 11
1395 2549 1573 2595 animal
1588 2560 1617 2594 ς
1640 2548 1832 2606 animali
1851 2550 1897 2594 A
1911 2548 1928 2607 Η

230 2610 290 2655 15
338 2611 727 2668 paucissimorum
781 2611 853 2655 est
907 2610 1128 2655 circuitus
1178 2622 1405 2655 annorum
1455 2609 1591 2655 Gertz
1643 2608 1926 2666 paucissimo

231 2670 454 2715 circuitus
487 2684 635 2715 annor
656 2674 703 2716 A
731 2670 812 2716 sed
841 2684 986 2727 supra
1022 2684 1075 2715 01·
1103 2669 1210 2715 add.
1243 2672 1275 2713 fi
1304 2670 1410 2725 fort,
1435 2669 1506 2714 Αὃ
1538 2667 1925 2726 paucissimorum

232 2744 258 2775 c
297 2743 526 2775 annorum
558 2732 660 2788 (om.
687 2731 773 2787 est)
797 2730 893 2775 cod.
913 2730 1007 2776 Col.
1026 2729 1216 2775 Gruteri
1235 2728 1252 2789 ΙΙ
1282 2728 1341 2774 18
1365 2742 1427 2773 an
1450 2729 1551 2773 eius
1576 2728 1658 2785 qui
1680 2728 1732 2773 F
1749 2733 1791 2773 et
1811 2727 1925 2785 voly.

223 2789 367 2848 anius
399 2791 501 2847 (om.
528 2790 627 2848 qui)
651 2791 698 2835 A
714 2789 742 2874 J!
772 2788 831 2834 19
861 2789 912 2832 in
944 2788 1112 2834 amisso
1137 2789 1188 2834 F
1211 2793 1266 2834 ut
1294 2790 1410 2833 coni.
1436 2788 1568 2833 Koch
1597 2788 1648 2832 in
1677 2787 1818 2831 misso
1841 2787 1887 2831 A
1909 2786 1925 2845 ΙΙ

230 2848 291 2893 2⁰
322 2848 490 2906 cepisti
520 2850 705 2895 Erasm.
762 2848 964 2905 cepisses
987 2850 1033 2894 A
1065 2847 1244 2905 ceperis
1263 2848 1315 2893 F
1338 2846 1356 2907 {l
1383 2846 1441 2892 21
1473 2846 1706 2931 potuistis]
1730 2848 1859 2905 (eras.
1886 2848 1925 2903 s)

231 2909 278 2953 A
308 2909 540 2965 potuisses
572 2909 624 2954 F
648 2908 664 2968 Η
693 2907 753 2953 23
783 2908 929 2966 gaudi
953 2908 1022 2953 A¹
1051 2922 1165 2954 corr.
1197 2909 1251 2954 in.
1281 2906 1446 2965 gaudii
1475 2907 1579 2962 fon.
1605 2907 1651 2951 A
