2028 3106
134 106 219 151 AD
243 104 524 151 HELmM
546 104 813 150 ΜΑΤΒΕΜ
836 104 918 150 DE
944 103 1410 151 consomnomz
1438 103 1565 151 cAP.
1595 110 1634 151 1.
1661 111 1687 151 2
1727 107 1836 163 341

132 228 461 282 haesitabam
506 226 859 298 verebarque,
907 245 975 281 ne
1021 227 1153 282 haec
1197 245 1310 282 non
1348 227 1645 282 consolatio
1685 231 1841 298 esset,

134 303 227 356 sed
264 302 602 357 exulceratio.
681 301 837 370 quid,
882 302 1027 371 quod
1070 302 1226 357 novis
1268 301 1447 356 verbis
1486 320 1586 356 nec
1625 321 1692 356 ex
1727 303 1840 356 vol-

133 377 248 448 gari
285 381 339 431 et
376 375 648 432 cotidiana
686 376 914 445 sumptis
947 377 1287 431 adlocutione
1319 394 1456 447 opus
1488 379 1603 431 erat
1631 375 1842 431 homini

133 452 198 505 ad
252 450 609 506 consolandos
664 466 789 502 suos
842 468 909 504 ex
956 453 1076 522 ipso
1128 470 1262 524 rogo
1314 454 1479 521 caput
1533 450 1841 505 adlevanti?

80 542 101 575 ⁵
133 527 306 580 omnis
369 528 549 579 autem
610 524 927 595 magnitudo
989 526 1190 580 doloris
1252 526 1474 580 modum
1535 525 1839 580 excedentis

130 619 345 655 necesse
407 602 490 653 est
551 597 806 652 dilectum
867 600 1154 653 verborum
1216 601 1430 670 eripiat,
1495 618 1619 655 cum
1681 618 1840 670 saepe

129 693 316 730 vocem
372 689 588 743 quoque
640 673 814 742 ipsam
865 674 1200 728 intercludat.
1288 678 1581 745 utcumque
1631 675 1843 729 conitar
1871 686 1901 727 4

127 768 240 804 non
288 747 488 802 fiducia
534 746 761 818 ingemi,
813 748 905 800 sed
953 748 1080 818 quia
1117 765 1338 818 possum
1378 748 1546 802 instar
1583 749 1841 804 efficacis-

128 825 296 878 simae
357 822 743 876 consolationis
802 840 916 875 esse
970 822 1086 893 ipse
1139 823 1462 877 consolator.
1553 824 1641 878 cui
1699 822 1840 878 nihil

54 916 98 948 ιο
127 914 375 970 negares,
412 896 541 951 huic
578 897 684 951 hoc
722 896 910 966 utique
948 900 1003 951 te
1040 916 1152 951 non
1191 915 1306 951 esse
1339 900 1682 969 negaturam,
1709 899 1841 953 licet

128 973 304 1028 omnis
357 990 570 1026 maeror
618 974 909 1025 contumax
960 973 1053 1043 sit,
1104 990 1286 1043 spero,
1334 975 1396 1027 ut
1443 972 1704 1027 desiderio
1742 976 1839 1028 tuo

126 1047 262 1102 velis
305 1066 338 1101 a
375 1066 462 1101 me
499 1047 722 1100 modum
762 1047 941 1102 statui.

276 1150 344 1205 II.
405 1150 544 1205 Vide
584 1154 847 1221 quantum
888 1151 951 1205 de
991 1151 1329 1224 indulgentia
1366 1155 1462 1205 tua
1498 1152 1842 1222 promiserim
1875 1164 1899 1205 1

127 1225 285 1280 mihi:
338 1227 699 1297 potentiorem
754 1245 840 1280 me
894 1226 1139 1280 futurum
1194 1229 1328 1296 aput
1379 1229 1435 1280 te
1487 1244 1600 1280 non
1650 1226 1840 1280 dubito

52 1318 94 1352 111
127 1319 290 1371 quam
338 1301 578 1356 dolorem
624 1305 807 1371 tuum,
853 1319 961 1370 quo
1010 1301 1151 1354 nihil
1188 1305 1272 1355 est
1309 1303 1444 1372 aput
1481 1301 1706 1355 miseros
1745 1319 1841 1372 po-

125 1377 342 1431 tentius.
420 1376 604 1446 itaque
649 1394 719 1430 ne
765 1376 950 1430 statim
998 1393 1122 1429 cum
1173 1394 1237 1431 eo
1288 1393 1630 1445 concurram,
1679 1375 1840 1430 adero

123 1452 275 1522 prius
314 1451 397 1505 illi
435 1455 491 1504 et
529 1450 727 1520 quibus
758 1450 1024 1505 excitetur
1053 1451 1318 1521 ingeram3
1358 1451 1540 1504 omnia
1569 1450 1842 1521 proferam

125 1528 180 1580 et
224 1525 551 1595 rescindam,
597 1543 735 1595 quae
783 1525 890 1579 iam
939 1525 1172 1580 obducta
1218 1527 1359 1579 sunt.
1438 1525 1581 1580 dicet
1619 1526 1840 1596 aliquis·
1872 1537 1899 1579 2

125 1600 299 1671 ‘quod
335 1601 442 1654 hoc
480 1618 651 1672 genus
690 1603 773 1654 est
811 1600 1150 1670 consolandi,
1190 1600 1478 1654 obliterata
1516 1601 1659 1654 mala
1689 1619 1840 1655 revo-

49 1693 95 1726 ιο
125 1693 246 1731 care
285 1678 341 1729 et
378 1675 620 1729 animum
658 1676 717 1729 in
755 1676 998 1729 omnium
1039 1694 1417 1730 aerumnarum
1457 1693 1677 1730 suarum
1717 1693 1842 1730 con-

125 1752 316 1821 spectu
354 1750 636 1806 conlocare
674 1750 768 1805 vix
805 1751 965 1805 unius
998 1749 1357 1836 patientem?'
1420 1750 1558 1804 sed
1544 1768 1590 1804 1s
1623 1751 1841 1822 cogitet,

126 1843 497 1896 quaecumque
546 1844 718 1896 usque
769 1844 831 1880 eo
881 1826 1185 1897 perniciosa
1228 1827 1379 1895 sunt,
1427 1828 1491 1879 ut
1536 1828 1727 1880 contra
1762 1844 1843 1880 re-

124 1901 363 1956 medium
433 1901 828 1970 convaluerint,
905 1902 1224 1972 plerumque
1294 1901 1579 1956 contrariis
1650 1902 1841 1956 curari.

125 1977 302 2031 omnis
347 1977 532 2047 itaque
576 1977 758 2032 luctus
806 1977 887 2030 illi
934 1994 1085 2047 suos,
1131 1976 1314 2031 omnia
1358 1976 1614 2049 lugubria
1660 1976 1841 2031 admo-

48 2072 93 2107 2⁶
124 2052 284 2107 vebo:
320 2051 428 2107 hoc
465 2052 569 2107 erit
605 2070 718 2107 non
756 2052 911 2106 molli
948 2052 1038 2106 via
1075 2051 1300 2122 mederi,
1338 2051 1432 2106 sed
1469 2069 1623 2106 urere
1661 2069 1725 2107 ac
1762 2070 1841 2106 se-

125 2144 259 2182 care.
330 2126 462 2197 quid
499 2126 836 2198 consequar?
902 2130 964 2181 ut
1002 2126 1204 2198 pudeat
1241 2126 1481 2181 animum
1521 2130 1606 2181 tot
1635 2127 1841 2182 miseri-

125 2220 277 2257 arum
326 2202 589 2258 victorem
640 2221 800 2275 aegre
849 2201 987 2257 ferre
1038 2221 1207 2256 unum
1258 2203 1455 2257 vulnus
1507 2202 1565 2256 in
1615 2219 1840 2273 corpore

123 2280 237 2332 tam
277 2278 605 2333 cicatricoso.
668 2278 835 2332 fleant
873 2278 1056 2348 itaque
1097 2277 1300 2331 diutius
1340 2281 1394 2332 et
1425 2280 1670 2349 gemant,
1708 2296 1840 2348 quo·
1872 2289 1899 2330 3

124 2370 246 2406 rum
293 2352 548 2407 delicatas
595 2356 799 2408 mentes
848 2353 1123 2407 enervavit
1167 2353 1334 2423 longa
1378 2352 1630 2423 felicitas,
1679 2354 1735 2407 et
1772 2353 1840 2406 ad

48 2446 95 2481 ιο
122 2427 518 2482 levissimarum
551 2428 867 2482 iniuriarum
900 2431 1080 2482 motus
1113 2427 1488 2482 conlabantur:
1527 2430 1585 2482 at
1608 2446 1838 2497 quorum

125 2520 311 2557 omnes
373 2503 502 2556 anni
563 2521 659 2573 per
720 2504 1052 2557 calamitates
1107 2503 1460 2572 transierunt,
1521 2503 1840 2574 gravissima

125 2594 342 2647 quoque
387 2577 517 2632 forti
564 2580 621 2633 et
664 2578 911 2632 inmobili
958 2578 1264 2633 constantia
1307 2578 1592 2648 perferant.
1667 2596 1837 2632 unum

273 2753 304 2799 ὅ
334 2754 604 2800 excedentis
628 2756 675 2800 A
715 2755 943 2800 excedens
979 2755 1115 2801 Gertz
1152 2759 1195 2801 et
1227 2755 1329 2801 Joh.
1357 2756 1535 2802 Muller
1574 2755 1591 2815 ΙΙ
1632 2754 1692 2800 18
1729 2768 1837 2813 p-ro

123 2813 377 2860 miseriA¹
407 2828 522 2861 corr.
555 2829 613 2860 m.
645 2819 678 2860 2
717 2816 734 2875 Η
778 2814 837 2860 16
875 2814 1839 2885 neAnecwnsLipsiucetszfl

123 2872 184 2919 24
214 2874 366 2919 omnis
397 2885 426 2919 ς·
464 2874 591 2920 0111111
616 2876 661 2920 A
707 2877 711 2932 Ι
757 2873 1015 2921 admovebo
1046 2875 1158 2934 0019.
1197 2874 1461 2921 admonebo
1485 2877 1532 2922 A
1573 2875 1591 2935 ΙΙ
1631 2874 1689 2920 31
1724 2887 1837 2920 anm

124 2933 455 2980 swvaddA
