2034 3086
527 502 595 563 L.
639 499 963 563 ANNAEI
1010 498 1379 560 SENECAE

260 647 1103 736 DIALOGORVM
1156 647 1538 732 LIBER
1583 649 1645 731 I.

774 797 847 831 AD
871 794 1127 831 chlmvu

138 904 346 959 QVARE
378 901 607 956 ALIQVA
638 900 1012 946 INCOMMODA
1043 896 1222 943 BONIS
1254 896 1416 942 VIR-IS
1448 898 1773 956 ACOIDANT,

589 990 719 1036 CVM
749 987 1170 1036 PROVIDENTIA
1203 986 1309 1032 SIT.

714 1111 798 1154 (nr.
821 1106 1189 1149 Pnovmnxm)
1256 1116 1258 1118 ·

246 1217 287 1273 Ι.
327 1217 596 1283 Quaesisti
634 1237 668 1271 a
705 1235 816 1286 me,
853 1215 1051 1287 Lucili,
1090 1213 1218 1285 quid
1249 1213 1350 1283 ita,
1388 1213 1435 1268 ei
1467 1213 1806 1285 providentia
1839 1230 1861 1270 1

99 1292 332 1347 mundus
375 1296 676 1364 regeretur,
724 1291 898 1346 multa
942 1290 1099 1345 bonis
1138 1287 1266 1342 viris
1306 1289 1450 1343 mala
1487 1288 1803 1344 acciderent.

97 1366 204 1420 hoc
251 1365 588 1420 commodius
641 1366 700 1420 in
753 1369 1011 1420 contextu
1066 1362 1242 1435 operis
1292 1362 1626 1431 redderetur,
1681 1382 1804 1419 cum

95 1457 342 1510 praeesse
372 1439 636 1494 universis
667 1439 1063 1510 providentiam
1094 1437 1444 1510 probaremus
1470 1442 1525 1493 et
1546 1439 1805 1494 interesse

43 1537 64 1572 ι
93 1513 252 1568 nobis
301 1513 486 1583 deum3
538 1514 632 1567 sed
682 1514 940 1584 quoniam
990 1534 1023 1570 a
1071 1516 1187 1570 toto
1242 1513 1565 1583 particulam
1617 1514 1806 1568 revelli

92 1589 272 1660 placet
321 1591 376 1642 et
423 1606 588 1641 unam
639 1588 1120 1644 contradictionem
1170 1591 1422 1643 manente
1459 1589 1556 1643 lite
1594 1589 1806 1661 integra

94 1664 326 1735 solvere,
376 1662 572 1717 faciam
624 1680 740 1716 rem
793 1681 908 1718 non
960 1663 1261 1732 difficilem,
1315 1680 1532 1718 causam
1580 1663 1803 1719 deorum

93 1756 267 1812 agam.
343 1754 738 1810 supervacuum
789 1740 872 1792 est
919 1738 979 1793 in
1025 1736 1328 1810 praesentia
1374 1738 1655 1793 ostendere
1692 1757 1805 1792 non
1835 1752 1862 1791 2

94 1813 210 1868 sine
240 1811 679 1885 aliquo.custode
709 1814 923 1867 tantum
948 1831 1085 1883 opus
1110 1815 1250 1867 stare
1273 1830 1374 1868 nec
1396 1813 1543 1868 hunc
1567 1813 1802 1868 siderum

20 1909 67 1944 ιο
94 1892 309 1943 coetum
363 1887 773 1958 discursumque
822 1886 1037 1943 fortuiti
1085 1887 1320 1957 impetus
1371 1906 1511 1958 esse,
1562 1891 1616 1942 et
1666 1904 1803 1956 quae

94 1977 250 2015 cauus
318 1963 509 2018 incitat
574 1980 732 2033 saepe
792 1961 1001 2017 turbari
1062 1965 1116 2017 et
1176 1960 1284 2015 cito
1347 1963 1597 2032 arietem,
1662 1961 1803 2016 hanc

93 2034 412 2091 inoffensam
442 2037 785 2092 velocitatem
817 2037 1105 2108 procedere
1135 2038 1382 2091 aeternae
1412 2038 1550 2109 legis
1574 2035 1801 2105 imperio

93 2110 307 2163 tautum
336 2127 518 2166 rerum
549 2115 693 2167 terra
722 2111 965 2182 marique
988 2113 1307 2184 gestantem,
1337 2114 1551 2166 tantum
1576 2109 1803 2165 clarissi-

96 2200 307 2238 morum
344 2182 612 2241 luminum
649 2189 704 2241 et
734 2204 801 2240 ex
832 2185 1104 2256 disposito
1124 2185 1506 2256 relucentium3
1542 2201 1655 2238 non
1686 2201 1802 2238 esse

245 2345 305 2390 In
346 2346 437 2390 imo
477 2345 592 2400 folio
624 2353 681 2393 1·
713 2348 881 2394 codicis
910 2346 1255 2404 Ambrosiam)
1298 2348 1442 2393 minio
1479 2347 1590 2407 haec
1628 2347 1803 2404 scripta

94 2410 225 2450 euni:
266 2403 440 2462 Incipit
482 2405 544 2448 ad
587 2405 800 2466 luciljum
844 2409 848 2461 ζ
893 2404 996 2459 Qua
1040 2419 1090 2451 re
1123 2406 1287 2478 aliqua
1324 2404 1626 2451 Incommode
1665 2404 1800 2451 bouis

94 2462 1360 2525 uirietaccidauncumprouideutiasit...

245 2524 269 2569 1
303 2523 500 2581 que-inti
525 2525 571 2569 A
599 2525 618 2583 ΙΙ
645 2525 676 2572 2
707 2527 950 2586 regeretur
972 2540 998 2574 ς
1025 2528 1095 2584 (in
1117 2526 1341 2585 mar-qim)
1364 2529 1406 2570 et
1428 2523 1581 2571 edim>
1607 2526 1802 2572 Eraemi

239 2586 317 2629 tur
333 2585 378 2630 A
406 2586 411 2637 1
440 2582 710 2631 acciderent
730 2587 849 2645 woly.
868 2585 1083 2632 accidere
1107 2588 1154 2633 A
1178 2588 1344 2643 (cupra
1364 2584 1577 2630 ultimam
1600 2585 1800 2632 litteram

154 2645 162 2653 '
223 2644 274 2689 id
310 2658 490 2690 erasum
527 2647 612 2698 eet)
687 2644 718 2691 8
748 2646 1040 2704 inpresentia
1066 2647 1135 2700 A,
1173 2646 1227 2690 in
1264 2656 1352 2702 quo
1391 2644 1649 2692 innumeris
1690 2646 1802 2692 loeis

89 2716 298 2761 praepos.
336 2705 480 2749 unius
514 2702 589 2761 syl
727 2740 741 2761 ,
783 2706 1015 2752 interdum
1052 2706 1190 2751 etiam
1221 2703 1344 2749 aliae
1374 2705 1561 2751 voculae
1591 2708 1673 2764 (ut.
1705 2719 1745 2752 v.
1770 2709 1799 2751 3

96 2771 439 2820 cumpraeeue)
484 2776 586 2808 cum
636 2776 742 2810 voce
787 2768 989 2824 sequenti
1034 2766 1293 2822 iunynmtur
1332 2764 1349 2823 ΙΙ
1403 2763 1462 2810 10
1563 2766 1665 2811 tum
1700 2766 1746 2811 A
1783 2765 1800 2824 ΙΙ

97 2819 152 2888 l}
182 2834 293 2891 nepe
320 2826 366 2869 A
388 2826 405 2882 ΙΙ
436 2822 494 2869 12
519 2822 744 2890 ssetemae
768 2826 814 2870 A
847 2829 971 2883 (oente
1002 2837 1027 2869 e
1053 2828 1278 2881 punctum
1309 2824 1401 2870 vid.
1427 2778 1562 2883 σαεξ
1590 2824 1609 2884 ΙΙ
1639 2824 1699 2870 14
1722 2838 1798 2870 ex-

99 2878 379 2937 ‹ln-pentorn
410 2881 667 2927 lucentium
692 2883 738 2927 A
769 2897 884 2930 corr.
910 2884 1200 2941 Bonyarciue

187 2969 778 3008 Snmormtl.ed.11
787 2981 948 3007 eeeeee
1415 2977 1436 3016 1
