2028 3106
188 97 298 151 230
502 94 551 138 L.
578 92 814 137 ANNAEI
845 91 1118 138 SENECAE
1150 91 1308 136 DIAL.
1331 91 1442 136 LIB.
1468 91 1568 136 VH.

131 234 156 272 5
192 235 351 287 quem
390 215 547 270 foeda
586 215 790 269 scabies
831 214 1147 284 depascitur.
1226 213 1422 268 obicite
1460 212 1700 282 Platoni,
1747 213 1890 282 quod

190 291 406 361 petierit
426 291 754 360 pecuniam,
811 287 1116 357 Aristoteli,
1165 288 1310 356 quod
1363 287 1647 356 acceperit,
1698 287 1891 341 Demo-

190 366 350 434 crito,
406 365 548 433 quod
600 363 921 435 neglexerit,
972 362 1233 431 Epicum,
1287 362 1431 431 quod
1478 362 1893 430 consumpserit;

190 440 325 493 mihi
378 439 482 509 ipsi
532 437 869 491 Alcibiadem
915 440 967 490 et
1005 436 1308 490 Phaedrum
1348 436 1634 504 obiectate‚
1683 436 1893 489 evasuri

192 514 421 568 maxime
460 513 665 581 felices,
706 531 828 566 cum
868 511 1102 581 primum
1133 510 1286 564 vobis
1318 510 1519 564 imitari
1548 510 1681 563 vitia
1709 513 1895 563 nostra

193 588 501 659 contigerit!
597 588 727 656 quin
788 586 968 656 potius
1030 586 1172 638 mala
1231 588 1410 638 vestra
1471 584 1894 653 circumspicitis,

193 681 326 732 quae
380 680 477 715 vos
534 662 600 715 ab
656 661 803 714 omni
851 663 1003 730 parte
1053 659 1390 727 confodiunt,
1445 659 1550 712 alia
1598 659 1896 730 grassantia

191 737 543 805 extrinsecus,
589 736 695 789 alia
732 737 790 788 in
827 734 1119 788 visceribus
1158 733 1291 803 ipsis
1330 733 1609 786 ardentia?
1682 751 1793 786 non
1830 750 1893 785 eo

189 813 310 866 loco
341 829 426 864 res
457 810 722 863 humanae
755 812 900 878 sunt,
936 809 1098 862 etiam
1130 808 1176 862 si
1206 810 1406 861 statum
1436 810 1675 861 vestrum
1706 825 1895 877 parum

189 887 386 955 nostis,
440 888 503 939 ut
554 885 707 939 vobis
757 886 970 937 tantum
1018 883 1116 937 otii
1170 882 1422 953 supersit,
1477 884 1538 935 ut
1593 882 1650 935 in
1699 881 1896 952 probra

190 962 474 1015 meliorum
513 960 717 1032 agitare
754 959 997 1030 linguam
1034 962 1202 1012 vacet.

341 1048 591 1104 XXVIII.
661 1048 784 1103 Hoc
843 1065 940 1101 vos
1001 1066 1114 1102 non
1174 1047 1487 1119 intellegitis
1549 1050 1604 1101 et
1663 1048 1896 1102 alienum

192 1125 440 1179 fortunae
479 1128 687 1178 vestrae
726 1124 938 1176 vultum
978 1123 1192 1194 geritis,
1238 1122 1378 1175 sicut
1414 1121 1655 1192 plurimi,
1703 1122 1896 1191 quibus

192 1200 250 1253 in
304 1199 445 1253 circo
497 1203 591 1252 aut
636 1198 847 1251 theatro
897 1197 1261 1251 desidentibus
1309 1197 1415 1250 iam
1454 1196 1668 1250 funesta
1706 1197 1896 1250 domus

194 1277 276 1328 est
305 1291 404 1328 nec
435 1273 810 1327 adnuntiatum
842 1273 1060 1325 malum.
1122 1274 1177 1325 at
1208 1289 1308 1342 ego
1341 1289 1406 1324 ex
1430 1271 1540 1325 alto
1565 1271 1896 1341 prospiciens

193 1349 348 1402 video
358 1391 371 1418 ,
430 1365 565 1417 quae
618 1350 963 1418 tempestates
1018 1349 1111 1400 aut
1164 1345 1478 1399 immineant
1531 1346 1684 1399 vobis
1734 1345 1896 1416 paulo

193 1423 398 1477 tardius
443 1426 698 1492 rupturae
744 1421 988 1475 nimbum
1037 1439 1215 1490 suum,
1266 1423 1359 1473 aut
1404 1420 1510 1474 iam
1556 1420 1763 1474 vicinae
1801 1438 1897 1474 vos

194 1516 257 1552 ac
305 1500 483 1551 vestra
533 1500 782 1566 rapturae
837 1496 1059 1566 propius
1107 1495 1439 1549 accesserint.
1525 1494 1654 1563 quid
1701 1493 1898 1564 porro?

193 1590 371 1626 nonne
423 1589 569 1625 nunc
620 1589 856 1641 quoque,
912 1571 1073 1623 etiam
1127 1570 1173 1622 si
1223 1588 1408 1638 parum
1452 1568 1684 1638 sentitis,
1736 1569 1896 1622 turbo

194 1646 413 1717 quidam
475 1646 683 1699 animos
745 1649 952 1699 vestros
1013 1647 1158 1698 rotat
1210 1647 1266 1697 et
1317 1643 1570 1713 involvit,
1628 1643 1897 1715 fugientes

193 1724 544 1792 petentesque
584 1721 767 1774 eadem
808 1723 862 1773 et
899 1737 1044 1773 nunc
1081 1719 1139 1772 in
1178 1718 1406 1772 sublime
1444 1717 1716 1772 adlevatos
1755 1735 1899 1771 nunc

194 1797 252 1850 in
290 1796 476 1849 infima
514 1795 749 1849 adlisos?
788 1793 1080 1830 ******'

346 1942 372 1987 1
405 1942 546 1988 foeda
570 1953 598 1987 ς
632 1941 733 1987 sera
757 1942 803 1987 A
840 1941 856 2000 ΙΙ
898 1940 929 1986 4
966 1940 1264 1986 Alcibiadem
1295 1942 1344 1986 et
1373 1940 1640 1986 Phaedrum
1671 1940 1900 1985 Erasmus

195 2002 258 2060 alj
300 2001 386 2047 ubi
425 2002 583 2061 advse
625 2002 663 2047 ὦ
704 2002 855 2061 pedrfi
889 2004 936 2047 A
982 2002 987 2060 Ι
1038 2001 1222 2047 evasuri
1253 2000 1478 2047 Schultess
1515 2014 1542 2045 o
1573 2013 1655 2044 vos
1689 2013 1778 2043 usu
1808 2000 1854 2045 A
1883 1999 1899 2058 Η

193 2062 224 2107 6
255 2062 371 2119 quin
402 2076 516 2109 corr.
540 2063 647 2118 fort.
672 2077 730 2106 m.
754 2065 785 2107 2
823 2075 880 2107 ex
919 2061 1001 2118 qui
1041 2061 1057 2121 ΙΙ
1102 2061 1126 2106 7
1168 2060 1430 2105 crassantis.
1458 2061 1505 2105 A
1542 2061 1555 2117 Ιῇ
1596 2059 1656 2104 10
1685 2061 1739 2104 ut
1768 2058 1898 2104 vobis

193 2123 309 2180 volq.
343 2124 392 2167 et
414 2121 551 2167 uobis
576 2123 622 2166 A
655 2123 739 2166 aut
761 2120 892 2165 vobis
923 2123 958 2165 t.
984 2135 1024 2166 o.
1051 2120 1297 2178 superfluit
1320 2120 1546 2166 Schultess
1573 2119 1578 2179 Ι
1609 2118 1811 2176 supersit
1829 2118 1900 2163 A⁵

196 2182 276 2239 (sit
306 2183 359 2227 in
388 2196 482 2227 ras.
507 2183 695 2238 veaiore)
728 2182 979 2238 supersunt
1008 2180 1078 2226 A¹
1111 2186 1165 2226 ut
1193 2181 1285 2226 vid.
1328 2180 1346 2239 ΙΙ
1387 2179 1446 2224 15
1484 2180 1556 2224 est
1585 2180 1638 2224 in
1667 2193 1757 2224 ras.
1782 2178 1853 2223 A⁶
1891 2179 1896 2236 1

196 2256 282 2286 nec
315 2241 470 2286 adhuc
501 2242 771 2286 nuntiatum
803 2240 980 2285 malum
1019 2255 1059 2285 v.
1084 2241 1129 2286 d.
1156 2241 1275 2286 Vliet
1318 2240 1325 2299 Ι
1370 2239 1661 2296 prospiciens
1699 2252 1811 2283 corr.
1844 2252 1900 2283 eoe

195 2302 289 2346 -cio
321 2303 427 2359 ipsa
456 2301 528 2347 A²
568 2301 584 2360 Η
626 2301 683 2345 17
723 2301 819 2345 iam
857 2302 970 2358 voly.
1003 2314 1060 2346 ex
1089 2305 1170 2345 vet.
1203 2300 1298 2345 lect.
1332 2299 1465 2345 Pinc.
1498 2301 1550 2343 ta
1574 2300 1619 2344 A
1660 2298 1676 2358 ΙΙ
1717 2297 1775 2343 19
1806 2311 1900 2342 non

196 2375 320 2406 nunc
351 2374 409 2406 ne
441 2374 627 2418 quoque
651 2362 697 2406 A
728 2375 841 2406 corr.
868 2361 982 2418 voly.

349 2496 574 2540 Eoetrema
604 2509 723 2552 pars
762 2496 870 2540 libri
903 2495 958 2539 de
987 2496 1085 2540 vita
1116 2495 1247 2539 beata
1270 2494 1443 2554 periit-
1487 2507 1596 2537 nam
1626 2506 1901 2549 quamquam

197 2556 250 2600 in
281 2556 350 2610 A,
392 2561 446 2600 ut
484 2556 536 2600 in
578 2556 790 2600 omuibus
830 2555 975 2610 codd,
1009 2559 1119 2611 post
1154 2568 1194 2599 v.
1228 2550 1415 2598 adli‘so's‘
1441 2554 1540 2598 sine
1576 2552 1673 2597 ullo
1708 2552 1901 2596 lacunae

197 2616 330 2673 siy‘no
368 2615 506 2660 verba
542 2621 794 2671 sequuntur
837 2614 950 2659 circi
988 2613 1122 2658 nobis
1161 2627 1335 2672 magno
1367 2626 1595 2657 consensu
1623 2611 1746 2655 uitia
1778 2625 1900 2655 com-

198 2674 427 2719 mendant
465 2679 506 2719 et
544 2676 699 2719 omnia
736 2675 846 2720 inde
878 2688 1020 2731 usque
1049 2674 1112 2719 ad
1141 2674 1253 2719 dial.
1279 2673 1362 2718 IX
1389 2673 1505 2718 libro
1536 2673 1591 2717 de
1619 2673 1698 2717 vit.
1725 2672 1764 2715 b.
1796 2684 1900 2716 con—

199 2737 467 2789 tinuantur,
509 2739 661 2779 tamen
703 2749 758 2779 ea
794 2748 987 2791 prorsus
1028 2735 1184 2779 aliena
1225 2747 1316 2779 esse
1358 2733 1416 2777 ab
1457 2736 1723 2790 aryumento
1762 2731 1902 2775 huius

201 2796 308 2840 libri
338 2799 543 2852 apparet.
595 2795 716 2851 quod
745 2809 848 2840 cum
880 2795 1098 2839 Muretus
1125 2794 1221 2838 iam
1250 2794 1479 2847 sensisset,
1504 2792 1697 2849 Lipsius
1717 2791 1902 2847 primus

200 2869 255 2899 ea
294 2868 410 2911 quae
443 2859 549 2911 post
587 2853 760 2899 adlisos
800 2854 1106 2899 adnectuntur
1134 2854 1368 2910 separavit
1396 2854 1545 2908 eisque
1580 2851 1899 2908 praescripsit.-

200 2914 250 2958 L.
287 2914 472 2959 Annaei
515 2913 718 2959 Senecae
762 2914 819 2959 de
863 2913 959 2958 otio
1003 2915 1086 2958 aut
1128 2926 1314 2957 secessu
1357 2911 1584 2968 sapientis
1626 2909 1736 2954 libri
1774 2922 1896 2966 pars.

1927 899 1970 931 10

1929 1286 1970 1319 15

1929 1659 1973 1692 20
