2034 3086
624 11 708 57 DE
738 10 1162 58 PROVIDENTIA
1192 10 1321 57 CAP.
1346 15 1374 56 4
1785 14 1851 67 11

146 138 312 191 fortes
351 134 551 189 milites
589 134 757 204 bello;
787 133 1147 204 Triumphum
1187 151 1289 205 ego
1321 133 1721 188 murmillonem
1753 134 1854 188 sub

146 211 263 266 Tib.
295 209 519 264 Caesare
572 210 638 263 de
690 209 911 263 raritate
962 227 1246 262 munerum
1298 209 1481 262 audivi
1519 211 1854 277 querentem:

146 287 327 356 ‘quam
378 284 539 339 bella'
584 284 762 354 inquit
807 283 975 338 aetas
1026 282 1216 354 perit!'
1293 284 1450 338 avida
1499 286 1582 337 est
1629 283 1856 353 periculi

145 361 316 414 virtus
371 363 427 414 et
480 377 588 429 quo
641 358 853 428 tendat,
904 376 1018 412 non
1067 357 1196 427 quid
1245 376 1471 428 passura
1520 358 1591 411 sit
1637 357 1858 428 cogitat,

94 454 115 487 s
147 435 424 520 quoniam
443 434 605 488 etiam
646 432 792 503 quod
823 450 1048 503 passura
1078 436 1160 487 est
1183 433 1389 504 gloriae
1419 450 1543 503 pars
1568 435 1664 486 est.
1718 432 1857 486 mili-

145 514 287 563 tares
325 509 428 563 viri
465 508 768 579 gloriantur
797 508 1136 577 vulneribus,
1180 508 1310 562 laeti
1348 508 1607 562 fluentem
1645 507 1858 561 meliori
1926 502 1929 505 ’
1955 503 1958 506 ’

146 602 274 638 casu
324 583 641 655 sanguinem
690 585 988 653 ostentant3
1034 582 1177 637 idem
1214 582 1344 637 licet
1380 582 1609 637 fecerint
1647 582 1741 652 qui
1779 582 1858 635 in-

145 659 286 732 tegri
322 661 668 712 revertuntur
705 676 772 712 ex
809 658 947 727 acie,
984 657 1157 729 magis
1197 659 1474 727 spectatur
1511 656 1605 728 qui
1644 656 1857 711 saucius

145 733 296 788 redit
374 733 531 803 ipsis,
579 733 827 802 inquam,
876 732 1006 786 deus
1049 732 1308 802 consulit,
1355 749 1490 802 quos
1538 749 1654 786 esse
1694 750 1858 802 quam

72 827 116 862 ιο
145 808 555 862 honestissimos
606 808 781 878 cupit,
839 807 1089 877 quotiens
1144 807 1253 861 illis
1301 807 1585 861 materiam
1636 807 1859 877 praebet

145 883 350 954 aliquid
381 883 622 937 animose
652 883 972 953 fortiterque
1002 882 1257 953 faciendi,
1295 882 1363 936 ad
1395 900 1557 952 quam
1580 900 1696 936 rem
1721 900 1858 952 opus

145 962 230 1013 est
265 958 448 1029 aliqua
490 977 671 1013 rerum
712 958 1055 1013 difficultate:
1100 958 1518 1030 gubernatorem
1560 957 1619 1011 in
1655 959 1859 1042 tempe-

146 1037 311 1103 state,
347 1034 405 1087 in
444 1034 557 1088 acie
603 1033 832 1087 militem
879 1033 1178 1105 intellegas.
1254 1033 1397 1087 unde
1452 1050 1676 1103 possum
1723 1032 1859 1087 scire

147 1112 411 1179 quantum
436 1109 691 1163 adversus
714 1111 1087 1179 paupertatem
1118 1108 1223 1162 tibi
1254 1108 1422 1162 animi
1453 1108 1547 1177 sit,
1579 1108 1626 1162 si
1657 1107 1858 1161 divitiis

73 1200 116 1234 ιε
146 1183 387 1237 diffluis?
461 1182 603 1237 unde
648 1201 872 1252 possum
918 1183 1054 1237 scire
1100 1186 1365 1253 quantum
1414 1183 1669 1237 adversus
1708 1182 1860 1254 igno-

148 1258 370 1312 miniam
420 1261 476 1312 et
529 1257 807 1312 infamiam
866 1258 1159 1328 odiumque
1208 1259 1470 1328 populare
1525 1257 1860 1312 constantiae

146 1333 371 1402 habeas,
416 1333 463 1386 si
501 1332 644 1387 inter
680 1333 902 1403 plausus
942 1333 1200 1402 senescis,
1245 1332 1292 1386 si
1329 1335 1385 1386 te
1423 1332 1860 1404 inexpugnabilis

148 1412 204 1462 et
234 1408 583 1462 inclinatione
608 1408 839 1477 quadam
865 1408 1129 1462 mentium
1161 1425 1365 1478 pronus
1396 1407 1552 1461 favor
1582 1406 1862 1477 sequitur?

147 1482 289 1536 unde
343 1482 454 1536 scio
507 1500 669 1552 quam
721 1500 894 1553 aequo
945 1482 1126 1536 animo
1176 1483 1385 1536 laturus
1434 1482 1507 1536 sis
1556 1482 1862 1550 orbitatem,

74 1573 119 1607 ιο
148 1557 194 1610 si
246 1574 616 1628 quoscumque
655 1557 924 1611 sustulisti
962 1557 1148 1612 vides?
1225 1557 1407 1611 audivi
1444 1560 1524 1627 te,
1562 1574 1686 1610 cum
1725 1555 1861 1610 alios

148 1632 524 1686 consolareris:
575 1636 707 1687 tunc
746 1633 1171 1703 conspexissem,
1217 1633 1263 1686 si
1301 1635 1356 1687 te
1395 1632 1511 1703 ipse
1551 1632 1860 1686 consolatus

148 1724 292 1761 esses
300 1747 317 1777 ,
355 1706 402 1760 si
439 1710 495 1761 te
533 1707 648 1777 ipse
688 1707 870 1761 dolere
907 1708 1183 1762 vetuisses.
1261 1707 1454 1777 nolite,
1492 1706 1716 1761 obsecro
1747 1724 1863 1776 vos,

148 1798 500 1853 expavescere
549 1782 676 1851 ista,
728 1799 865 1852 quae
916 1782 990 1836 dii
1041 1782 1374 1837 immortales
1414 1782 1564 1836 velut
1611 1781 1860 1836 stimulos

150 1856 441 1912 admovent
481 1857 697 1911 animis:
738 1857 1014 1912 calamitas
1057 1857 1273 1912 virtutis
1314 1857 1524 1912 occasio
1565 1860 1661 1911 est.
1737 1857 1861 1911 illos

76 1946 121 1982 ιι
151 1932 342 1986 merito
382 1932 504 2002 quis
544 1931 740 1987 dixerit
785 1931 1009 1987 miseros
1050 1931 1144 2003 qui
1181 1932 1350 1987 nimia
1388 1931 1647 1987 felicitate
1684 1934 1862 2003 torpe-

151 2010 332 2077 scunt,
369 2025 506 2077 quos
545 2007 695 2062 velut
733 2007 790 2062 in
828 2007 965 2061 mari
1002 2008 1150 2062 lento
1190 2007 1554 2078 tranquillitas
1594 2007 1735 2062 iners
1775 2007 1864 2061 de-

151 2082 311 2151 tinet3
363 2082 619 2152 quicquid
669 2083 778 2136 illis
829 2082 1102 2153 inciderit,
1153 2101 1356 2137 novum
1403 2082 1596 2137 veniet.
1690 2082 1861 2154 magis
1897 2094 1919 2134 ’τ

304 2266 328 2311 1
370 2265 519 2322 bello;
562 2266 873 2325 Triumphum
922 2268 1058 2314 Gertz
1110 2267 1436 2326 (Triumphum
1481 2269 1577 2312 iam
1621 2267 1863 2313 Rubenius

155 2327 405 2383 invenerat)
445 2302 560 2372 belli
598 2326 838 2385 triumpho
876 2341 1003 2373 nunc
1026 2329 1087 2383 A,
1117 2328 1198 2373 sed
1228 2326 1258 2371 b
1290 2342 1347 2373 m.
1379 2332 1400 2372 1
1433 2341 1547 2373 σοι-,ν
1575 2340 1632 2372 ex
1660 2341 1708 2382 u,
1739 2326 1757 2371 i
1786 2341 1863 2371 r-a

153 2385 303 2430 dendo
343 2386 519 2440 factum
558 2392 622 2432 est
652 2401 708 2432 ex
738 2400 781 2442 o,
815 2387 1027 2433 ultimam
1059 2401 1086 2433 o
1118 2389 1170 2432 in
1199 2401 1290 2434 ras.
1322 2388 1509 2444 scripsit
1538 2386 1608 2432 A⁶
1646 2399 1776 2432 eraso
1805 2400 1862 2443 us

155 2446 316 2502 (supra
339 2459 361 2489 ιι
385 2445 575 2491 deletam
602 2448 666 2505 m)
698 2454 779 2493 aut
811 2462 841 2491 ιι
869 2447 875 2505 1
903 2461 992 2505 ego
1017 2450 1067 2505 (g
1089 2461 1203 2493 corr.
1228 2461 1284 2493 ex
1308 2450 1347 2504 r)
1372 2446 1439 2493 A¹
1470 2447 1487 2507 ΙΙ
1517 2445 1547 2491 2
1572 2445 1675 2491 Tib
1699 2446 1864 2503 scripsi

170 2543 203 2586 t.
238 2543 289 2587 in
319 2557 411 2588 ras
436 2543 701 2589 mioreA‘*
731 2544 766 2589 t
802 2546 838 2600 <
868 2559 904 2590 e
929 2543 1036 2602 tibi)
1067 2547 1173 2601 fort.
1199 2544 1268 2590 A¹
1297 2545 1314 2604 ΙΙ
1355 2543 1385 2589 4
1416 2543 1585 2589 tendat
1614 2545 1727 2603 voly.
1760 2545 1863 2588 ten-

157 2600 231 2646 dit
253 2604 297 2647 A
327 2605 344 2652 ΙΙ
374 2601 406 2647 6
436 2601 657 2649 fluentem
690 2617 716 2649 e
747 2559 904 2649 lorica
926 2606 1202 2662 sanguinem
1235 2604 1525 2650 Studemund
1555 2605 1672 2649 coni.
1718 2602 1862 2648 fluen-

157 2663 252 2706 tem
277 2675 302 2706 e
327 2660 472 2707 lorica
496 2676 582 2708 sua
606 2665 883 2721 sanguinem
908 2664 1068 2720 Gertz,
1201 2665 1344 2710 iosius
1366 2678 1505 2721 quam
1527 2664 1704 2717 verius;
1726 2664 1864 2709 verba

158 2719 339 2766 meliori
384 2735 495 2767 casu
539 2738 643 2769 eum
686 2723 801 2769 laeti
843 2726 1043 2784 coniumq
1206 2739 1299 2770 esse
1333 2724 1570 2782 perspexit
1615 2725 1655 2769 1.
1689 2699 1863 2768 Vahlen

160 2782 352 2828 Hermes
391 2782 545 2828 XXX
574 2798 685 2843 paq
711 2788 770 2830 33
787 2798 848 2841 sq.
892 2786 908 2842 ΙΙ
948 2784 1005 2830 21
1052 2784 1298 2830 csolareris
1339 2799 1454 2830 corr.
1489 2798 1545 2830 ex
1581 2783 1715 2828 -laris
1749 2782 1819 2829 A'
1847 2783 1865 2869 1²2

158 2839 218 2886 25
242 2841 414 2887 dixerit
436 2857 548 2888 corr.
575 2857 632 2889 ex
655 2843 852 2889 dixerim
880 2844 1122 2898 A1-21·27
1149 2844 1403 2904 incideritls
1423 2844 1491 2890 A
1515 2843 1770 2889 inciderint
1795 2843 1865 2888 A²
