2028 3106
181 79 291 135 362
495 78 544 124 L.
570 78 807 124 ANNAEI
838 79 1111 126 SENECAE
1142 81 1300 127 DIAL.
1325 83 1422 128 LIB
1461 82 1560 128 XII.

179 199 286 253 nisi
338 201 589 268 voluptas
644 204 698 253 et
749 201 974 270 inpensa
1025 203 1307 272 pertinuit:
1359 223 1654 274 numquam
1708 207 1879 261 indul-

180 274 362 346 gentia
400 274 468 326 ad
505 274 796 327 utilitatem
835 277 1082 344 respexit.
1159 296 1270 331 non
1308 282 1462 348 potes
1502 281 1684 349 itaque
1723 299 1785 334 ea
1822 284 1880 335 in

180 351 362 417 erepto
401 348 516 401 filio
556 348 874 419 desiderare,
915 368 1049 419 quae
1087 352 1147 405 in
1184 352 1444 407 incolumi
1480 373 1774 424 numquam
1814 357 1880 408 ad

178 426 232 476 te
269 423 536 491 pertinere
576 423 790 477 duxisti.

326 510 446 565 XV.
506 510 608 566 Illo
679 512 853 566 omnis
915 513 1212 567 consolatio
1274 515 1407 569 mihi
1467 518 1723 572 vertenda
1783 523 1881 587 est,

177 586 317 640 unde
363 605 490 640 vera
534 587 615 641 vis
655 587 883 642 materni
920 587 1121 642 doloris
1161 589 1354 643 oritur:
1401 590 1557 664 ‘ergo
1598 593 1879 661 complexu

176 661 256 714 fili
302 661 564 716 carissimi
603 681 781 734 care03
826 681 937 716 non
976 667 1268 733 conspectu
1307 664 1442 735 eius,
1486 685 1599 721 non
1637 685 1879 722 sermone

175 754 396 806 possum
445 736 575 791 frui!
650 738 746 791 ubi
795 741 877 792 est
924 738 1037 808 ille,
1089 756 1196 808 quo
1246 739 1364 793 viso
1413 740 1622 795 tristem
1671 743 1878 796 voltum

173 811 435 880 relaxavi,
484 812 542 864 in
592 830 699 882 quo
751 830 935 866 omnes
986 813 1372 868 sollicitudines
1423 833 1568 869 meas
1620 815 1880 887 deposui?

174 886 268 940 ubi
307 886 617 956 conloquia,
656 905 886 956 quorum
923 887 1263 958 inexplebilis
1304 889 1485 943 eram?
1561 890 1657 944 ubi
1687 891 1880 960 studia,

175 960 368 1030 quibus
406 961 661 1015 libentius
702 979 863 1031 quam
901 961 1125 1030 femina,
1161 963 1478 1017 familiarius
1518 982 1679 1033 quam
1711 969 1880 1020 mater

173 1034 493 1088 intereram?
568 1035 662 1089 ubi
698 1036 791 1089 ille
831 1036 1120 1091 occursus?
1194 1037 1288 1091 ubi
1326 1041 1494 1092 matre
1525 1038 1640 1092 visa
1672 1059 1880 1110 semper

173 1109 394 1178 puerilis
425 1109 733 1162 hilaritas?'
809 1110 974 1164 adicis
1006 1110 1123 1164 istis
1154 1112 1276 1165 loca
1306 1111 1425 1181 ipsa
1456 1114 1879 1183 gratulationum

173 1185 227 1236 et
265 1182 609 1236 convictuum
651 1187 727 1253 et,
763 1187 826 1237 ut
863 1202 1078 1239 necesse
1118 1189 1222 1254 est,
1261 1186 1656 1242 efficacissimas
1696 1190 1763 1243 ad
1793 1208 1879 1243 ve-

171 1257 376 1310 xandos
417 1257 623 1311 animos
654 1258 883 1312 recentis
916 1261 1340 1314 conversationis
1371 1265 1542 1315 notas.
1617 1282 1743 1317 nam
1774 1264 1878 1317 hoc

174 1349 386 1401 quoque
425 1331 677 1386 adversus
715 1336 770 1387 te
809 1333 1094 1388 crudeliter
1122 1334 1342 1389 fortuna
1373 1336 1562 1390 molita
1591 1342 1695 1408 est,
1734 1337 1877 1408 quod

171 1409 224 1460 te
264 1409 386 1460 ante
424 1407 644 1461 tertium
685 1408 899 1462 demum
938 1408 1078 1462 diem
1118 1428 1279 1479 quam
1310 1412 1588 1480 perculsus
1621 1430 1764 1482 sum,
1801 1430 1878 1465 se·

171 1499 354 1535 curam
402 1500 502 1536 nec
553 1483 840 1553 quicquam
890 1484 997 1537 tale
1047 1488 1372 1554 metuentem
1428 1486 1636 1558 digredi
1688 1486 1875 1540 voluit.

170 1556 305 1610 bene
343 1575 442 1611 nos
481 1558 851 1629 longinquitas
890 1559 1133 1613 locorum
1173 1560 1450 1630 diviserat,
1495 1562 1630 1615 bene
1669 1561 1878 1630 aliquot

170 1650 435 1685 annorum
474 1632 717 1686 absentia
754 1633 882 1688 huic
920 1637 973 1687 te
1012 1635 1154 1687 malo
1194 1638 1628 1704 praeparaverat:
1675 1633 1876 1701 redisti,

168 1724 280 1759 non
317 1710 380 1760 ut
417 1707 752 1777 voluptatem
792 1727 859 1762 ex
896 1708 1011 1762 filio
1050 1709 1374 1779 perciperes,
1425 1708 1517 1762 sed
1555 1712 1619 1761 ut
1657 1725 1875 1761 consue-

169 1780 409 1833 tudinem
447 1781 719 1835 .desiderii
778 1782 1040 1852 perderes.
1118 1782 1165 1836 si
1224 1783 1396 1835 multo
1458 1784 1582 1835 ante
1636 1781 1876 1849 afuisseS,

167 1853 361 1907 fortius
401 1854 614 1908 tulisses
653 1856 773 1924 ipso
814 1857 1097 1909 intervallo
1139 1855 1460 1909 desiderium
1491 1854 1789 1924 molliente3
1829 1855 1875 1909 si

167 1947 279 1982 non
323 1928 655 1998 recessisses,
699 1930 951 1983 ultimum
998 1933 1139 1983 certe
1185 1929 1420 1981 fructum
1467 1927 1631 1982 biduo
1672 1928 1872 1984 diutius

167 2003 383 2057 videndi
433 2002 606 2056 filium
654 2003 891 2056 tulisses:
940 2021 1084 2056 nunc
1132 2002 1343 2056 crudele
1390 2002 1561 2055 fatum
1608 2003 1686 2057 ita
1731 2023 1873 2059 com-

167 2078 375 2148 posuit,
419 2081 481 2131 ut
524 2095 623 2131 nec
669 2077 917 2130 fortunae
956 2095 1104 2130 meae
1142 2077 1424 2130 interesses
1463 2095 1563 2132 nec
1602 2079 1872 2134 absentiae

168 2153 519 2208 adsuesceres.
586 2151 678 2206 sed
717 2154 917 2221 quanto
957 2151 1061 2204 ista
1091 2151 1308 2203 duriora
1339 2154 1487 2220 sunt,
1518 2156 1671 2206 tanto
1702 2155 1874 2208 maior

165 2226 268 2279 tibi
313 2228 484 2281 virtus
532 2226 842 2281 advocanda
887 2228 968 2279 est
1007 2230 1062 2279 et
1098 2225 1247 2278 velut
1285 2242 1408 2278 cum
1445 2224 1601 2281 hoste
1639 2232 1770 2282 noto
1810 2247 1873 2283 ac

168 2319 325 2370 saepe
378 2302 486 2356 iam
539 2302 683 2357 victo
738 2301 911 2355 acrius
967 2299 1434 2371 congrediendum.
1509 2320 1621 2356 non
1674 2322 1741 2357 ex
1794 2303 1872 2356 in-

314 2475 341 2520 1
373 2478 458 2520 tua
481 2482 588 2532 post
618 2477 918 2536 indulgentia
948 2476 1056 2521 add.
1082 2475 1239 2532 Pauly
1260 2474 1277 2534 ΙΙ
1306 2474 1336 2519 2
1365 2477 1536 2537 potesls
1554 2479 1600 2523 A
1633 2479 1672 2535 (t
1696 2479 1830 2534 eras.)
1854 2477 1871 2536 Η

162 2534 193 2579 3
229 2535 280 2580 in
318 2535 425 2580 add.
464 2536 627 2582 Haase
669 2538 768 2595 (cfr.
806 2537 943 2583 Gertz
981 2536 1044 2581 ad
1082 2535 1157 2579 lib.
1191 2535 1246 2578 de
1283 2535 1379 2581 ben.
1413 2538 1448 2581 Ι
1474 2541 1542 2592 11,
1573 2541 1602 2582 4
1640 2551 1690 2594 p.
1719 2538 1822 2593 199)
1858 2535 1864 2595 Ι

165 2595 276 2640 adte
314 2609 428 2641 corr.
464 2609 520 2640 ex
562 2597 662 2640 atte
699 2597 805 2652 fort.
838 2596 908 2642 A¹
949 2596 965 2655 ΙΙ
1009 2595 1033 2640 7
1066 2593 1134 2638 fili
1164 2607 1276 2639 corr.
1309 2596 1362 2639 in
1392 2596 1479 2640 filii
1503 2596 1574 2642 A²
1613 2596 1630 2655 ΙΙ
1671 2596 1730 2640 10
1759 2596 1869 2640 inex

162 2654 431 2711 pleblebilis
455 2655 501 2700 A
532 2669 647 2701 corr.
678 2657 785 2711 fort.
817 2671 875 2702 m.
908 2660 935 2700 1
977 2654 993 2714 ΙΙ
1034 2653 1092 2698 12
1130 2652 1211 2697 ille
1243 2654 1289 2698 A
1323 2654 1396 2699 illi
1431 2656 1589 2712 Gertz,
1618 2656 1726 2711 fort.
1751 2660 1868 2700 reete

163 2716 246 2769 cfr.
279 2729 329 2772 p.
365 2717 467 2768 158,
493 2718 551 2759 18
591 2715 678 2759 filii
710 2717 974 2761 Feldmawn
1020 2713 1024 2771 Ι
1070 2713 1251 2771 matssre
1282 2714 1329 2758 A
1369 2714 1386 2773 Η
1427 2715 1486 2760 14
1517 2718 1565 2760 et
1593 2717 1649 2759 ut
1678 2716 1725 2759 A
1754 2715 1809 2758 ut
1840 2725 1869 2758 ς

165 2774 285 2829 eius,
324 2777 379 2819 ut
418 2774 556 2820 Gertz
597 2774 614 2833 Η
654 2774 713 2819 18
750 2775 848 2820 tale
886 2774 1108 2819 habuerat
1137 2772 1206 2817 A¹
1239 2774 1318 2817 sed
1352 2775 1431 2819 lin.
1465 2789 1580 2820 eras.
1630 2775 1634 2829 Ι
1682 2773 1867 2831 digredi

164 2833 326 2879 Haase
357 2834 419 2878 ad
451 2834 535 2891 gdi
558 2835 604 2879 A
634 2833 650 2893 Η
680 2834 739 2878 22
771 2836 912 2879 antea
943 2833 1111 2876 fuisses
1135 2832 1181 2876 A
1212 2846 1326 2877 corr.
1362 2834 1532 2879 Gruter
1567 2834 1585 2892 ΙΙ
1621 2832 1680 2878 23
1714 2833 1866 2878 molli-

164 2894 285 2937 ente.
334 2894 374 2937 si
397 2894 468 2939 Α5
499 2893 556 2950 (si
587 2909 639 2938 m
669 2908 759 2939 ras.
785 2895 976 2950 minore)
1007 2891 1273 2936 mollientes
1297 2893 1366 2937 A¹
1395 2899 1450 2939 at
1478 2894 1568 2938 vid.

1910 906 1952 940 10

1909 1276 1951 1310 15

1907 1648 1950 1680 20

1905 2020 2003 2067 25¹
