2028 3106
201 63 312 117 320
527 61 577 105 L.
602 61 841 106 ANNAEI
872 60 1147 107 SENECAE
1177 61 1336 107 DIAL.
1362 62 1474 107 LIB.
1498 62 1576 108 XI.

201 183 495 253 explicant,
531 201 829 253 numquam
867 183 950 236 illi
987 182 1115 237 licet
1153 184 1441 238 subsistere
1480 202 1579 238 nec
1619 185 1907 254 quicquam

200 274 358 311 suum
397 257 585 312 facere.
663 258 730 312 ad
770 257 1037 328 quendam
1075 258 1258 328 itaque
1297 260 1519 313 modum
1556 258 1659 312 tibi
1691 277 1907 330 quoque

200 331 385 386 eadem
423 333 713 387 necessitas
745 331 1068 404 iniungitur:
1106 351 1219 386 non
1256 333 1386 387 licet
1416 334 1516 388 tibi
1548 333 1614 386 ad
1645 334 1907 389 utilitates

198 408 319 461 tuas
327 448 344 476 ‚
382 406 450 461 ad
489 408 667 462 studia
696 410 792 461 tua
822 407 1098 477 respicere.
1177 405 1399 462 Caesare
1431 409 1615 463 orbem
1645 411 1907 462 terrarum

198 482 508 551 possidente
557 482 833 552 impertire
881 484 936 535 te
985 499 1086 536 nec
1134 482 1405 552 voluptati
1450 502 1551 538 nec
1590 484 1764 537 dolori
1809 501 1908 538 nec

197 557 299 610 ulli
337 557 431 611 alii
467 556 547 611 rei
583 560 762 627 potes:
799 559 976 611 totum
1015 559 1070 611 te
1103 554 1315 610 Caesari
1346 556 1522 612 debes.
1584 559 1734 613 adice
1765 576 1908 613 nunc

200 631 368 702 quod,
414 644 538 686 cum
579 650 789 703 semper
826 631 1101 702 praedices
1140 631 1399 686 cariorem
1438 633 1540 686 tibi
1580 635 1774 704 spiritu
1811 637 1906 688 tuo

200 705 479 761 Caesarem
526 725 663 778 esse,
703 708 791 761 ‘fas
838 707 939 760 tibi
976 725 1088 760 non
1127 710 1209 761 est
1248 707 1396 762 salvo
1438 705 1661 763 Caesare
1700 709 1765 763 de
1803 709 1908 763 for-

197 784 330 835 tuna
383 782 558 851 queri:
618 782 725 836 hoc
776 781 1036 836 incolumi
1090 782 1226 836 salvi
1278 781 1382 835 tibi
1435 785 1562 835 sunt
1614 784 1720 853 tui,
1771 784 1910 838 nihil

197 855 500 927 perdidisti,
561 875 674 911 non
733 859 945 910 tantum
1002 855 1173 911 siccos
1228 857 1413 911 oculos
1467 859 1591 910 tuos
1646 875 1761 912 esse
1817 858 1909 913 sed

198 931 360 985 etiam
397 932 569 985 laetos
610 934 848 1002 oportet3
893 931 951 983 in
987 931 1094 985 hoc
1131 931 1233 985 tibi
1273 931 1454 985 omnia
1492 934 1640 1007 sunt,
1679 932 1770 987 hic
1808 951 1908 1003 pro

197 1006 448 1060 omnibus
488 1009 582 1060 est.
646 1007 791 1076 quod
828 1007 990 1077 longe
1029 1024 1062 1059 a
1092 1006 1335 1060 sensibus
1366 1005 1474 1060 tuis
1505 1006 1908 1077 pudentissimis

195 1080 559 1153 piissimisque
613 1081 787 1151 abest,
839 1080 1093 1134 adversus
1147 1081 1461 1136 felicitatem
1515 1084 1663 1135 tuam
1717 1099 1909 1151 parum

197 1158 382 1226 gratus
426 1155 510 1225 es,
556 1155 603 1209 si
647 1155 750 1209 tibi
797 1155 1084 1225 quicquam
1122 1155 1229 1211 hoc
1267 1156 1417 1210 salvo
1457 1155 1584 1210 flere
1622 1155 1905 1226 permittis.

346 1243 492 1299 VIII.
554 1244 870 1299 Monstrabo
921 1243 1230 1299 etiamnunc
1278 1263 1390 1298 non
1438 1245 1654 1315 quidem
1700 1244 1908 1299 firmius

196 1319 491 1373 remedium
539 1319 631 1374 sed
669 1317 1000 1374 familiarius.
1078 1318 1124 1372 si
1165 1319 1378 1389 quando
1419 1322 1473 1374 te
1512 1321 1731 1375 domum
1769 1337 1909 1374 rece-

195 1394 364 1464 periS,
400 1397 532 1448 tunc
570 1394 672 1448 erit
709 1394 810 1448 tibi
847 1393 1134 1447 metuenda
1170 1393 1413 1448 tristitia:
1451 1413 1578 1449 nam
1618 1414 1778 1466 quam
1817 1394 1910 1448 diu

195 1487 397 1523 numen
433 1473 590 1523 tuum
628 1468 946 1537 intueberis,
983 1469 1195 1523 nullum
1235 1469 1330 1522 ffla
1367 1468 1434 1522 ad
1473 1473 1527 1523 te
1559 1470 1796 1524 inveniet
1826 1488 1910 1524 ac-

197 1562 429 1615 cessum,
475 1544 657 1599 omnia
701 1546 760 1598 in
804 1546 857 1597 te
898 1541 1091 1597 Caesar
1131 1544 1354 1613 tenebit3
1399 1561 1523 1598 cum
1563 1545 1629 1598 ab
1668 1545 1766 1599 illo
1806 1544 1910 1598 dis-

196 1620 442 1689 cesseris,
494 1623 627 1674 tunc
676 1621 827 1673 velut
881 1619 1163 1673 occasione
1219 1619 1342 1673 data
1391 1618 1735 1672 insidiabitur
1784 1619 1908 1673 soli-

195 1694 372 1747 tudini
416 1697 541 1749 tuae
588 1695 744 1748 dolor
790 1696 843 1746 et
886 1693 1243 1763 requiescenti
1290 1692 1469 1747 am'mo
1508 1696 1604 1746 tuo
1643 1693 1906 1763 paulatim

195 1768 417 1838 inrepet.
495 1769 677 1839 itaque
730 1787 841 1823 non
894 1771 976 1820 est
1030 1768 1176 1837 quod
1228 1769 1402 1823 ullum
1454 1770 1669 1837 tempus
1719 1785 1907 1821 vacare

195 1844 418 1913 patiaris
465 1862 498 1896 a
544 1843 758 1898 studiis:
804 1846 936 1895 tunc
981 1842 1084 1896 tibi
1129 1843 1338 1897 litterae
1384 1846 1508 1896 tuae
1554 1845 1666 1895 tam
1714 1842 1806 1895 diu
1846 1860 1908 1896 ac

195 1921 308 1972 tam
361 1917 594 1972 fideliter
646 1938 728 1972 am
736 1921 852 1971 atae
908 1917 1138 1987 gratiam
1189 1918 1444 1986 referant,
1497 1919 1629 1971 tunc
1677 1919 1730 1970 te
1782 1916 1907 1971 illae

197 1992 494 2047 antistitem
535 1995 589 2045 et
627 1994 890 2047 cultorem
930 2010 1088 2045 suum
1126 1993 1424 2061 vindicent,
1469 1994 1600 2045 tunc
1638 1990 1907 2046 Homerus

197 2071 251 2121 et
311 2066 585 2140 Vergilius
654 2070 766 2120 tam
834 2066 969 2119 bene
1031 2067 1096 2121 de
1161 2068 1398 2121 humano
1462 2084 1655 2138 genere
1717 2067 1910 2136 meriti,

346 2229 374 2274 1
407 2229 521 2275 licet
552 2228 807 2274 subsistere
831 2228 943 2273 DE
971 2227 1085 2275 licet
1108 2231 1156 2275 et
1180 2228 1435 2274 subsistere
1459 2229 1506 2274 Β
1537 2229 1651 2274 licet
1682 2241 1769 2273 nec
1800 2226 1908 2272 sub-

197 2288 363 2334 sistere
389 2290 437 2334 B
468 2305 526 2335 m.
557 2293 590 2336 2
618 2295 660 2335 et
689 2290 763 2334 vol
795 2324 804 2334 .
847 2287 863 2347 Η
905 2287 934 2332 2
966 2302 1102 2333 suum
1133 2291 1247 2348 volq.
1281 2294 1324 2335 et
1353 2290 1400 2334 B
1443 2289 1540 2346 (sed
1571 2303 1627 2334 ex
1659 2301 1744 2332 sua
1774 2289 1907 2345 corr.)

197 2361 284 2392 sua
307 2349 367 2393 H
391 2349 465 2393 sui
486 2350 538 2394 D
570 2363 653 2394 suo
678 2349 730 2394 Ε
759 2302 792 2408 ᾖ]
816 2346 846 2391 6
877 2346 1021 2393 debes
1047 2350 1093 2394 V
1114 2355 1157 2395 et
1185 2349 1300 2406 volq.
1334 2347 1509 2403 debeas
1533 2349 1582 2394 B
1620 2346 1795 2393 debeas
1827 2347 1867 2393 Ο
1893 2347 1910 2407 ΙΙ

198 2408 223 2453 7
265 2408 498 2454 lectionem
537 2410 653 2468 voly.
696 2408 871 2454 retinui
915 2421 938 2453 e
984 2409 1114 2454 codd.
1150 2409 1264 2454 DE
1303 2410 1499 2466 petitam
1506 2425 1525 2464 ;
1574 2409 1687 2466 quid
1736 2407 1910 2454 Seneca

195 2468 451 2525 scripSerit,
486 2482 683 2525 prorsus
720 2470 943 2513 incertum
981 2473 1048 2514 est
1086 2469 1302 2526 predices
1342 2468 1545 2513 cariores
1583 2466 1674 2512 tibi
1704 2471 1795 2526 spu
1826 2468 1908 2511 tuo

198 2529 401 2574 cariores
433 2527 529 2572 sint
558 2528 633 2573 fas
658 2530 716 2574 H
721 2528 765 2574 G
794 2533 838 2574 et
866 2527 958 2572 duo
984 2527 1195 2584 Gruteri,
1226 2530 1322 2574 nisi
1351 2529 1474 2586 quod
1499 2527 1542 2573 G-
1565 2533 1609 2574 et
1630 2529 1747 2574 alter
1770 2527 1905 2573 Grut.

194 2590 350 2647 priore
381 2588 477 2633 loco
508 2588 738 2634 cariorem
767 2588 935 2634 habent
970 2587 1186 2644 predices
1218 2588 1421 2633 cariores
1452 2588 1548 2633 sint
1578 2587 1651 2632 fas
1683 2588 1730 2633 Β
1772 2599 1908 2645 prae-

199 2649 328 2694 dices
371 2646 600 2697 cariorem
641 2647 732 2693 tibi
772 2647 942 2706 spiritu
973 2648 1062 2691 tuo
1102 2646 1372 2704 Caesarem,
1402 2648 1633 2693 cariorem
1666 2660 1767 2692 esse
1796 2645 1906 2701 tuis,

197 2708 271 2753 fas
301 2708 539 2766 temptavit
572 2707 708 2753 Gertz
738 2708 754 2769 ΙΙ
785 2708 844 2753 10
874 2708 1061 2752 tantum
1093 2708 1196 2765 (tm)
1229 2709 1269 2755 Ο
1302 2710 1357 2753 tsi
1388 2709 1584 2765 (tamen)
1609 2709 1656 2753 Β
1685 2707 1702 2767 ΙΙ
1732 2705 1791 2751 12
1820 2719 1907 2762 pu-

199 2768 488 2814 dentissimis
519 2766 685 2825 Stanyl
713 2768 858 2825 prud-
894 2768 932 2814 Ο
967 2767 984 2827 ΙΙ
1025 2765 1083 2811 15
1114 2766 1293 2812 firmius
1318 2769 1365 2814 Β
1395 2768 1580 2812 firmum
1613 2767 1652 2814 0
1690 2767 1706 2827 ΙΙ
1747 2764 1806 2811 22
1836 2765 1907 2810 in-

197 2829 333 2885 repet
363 2829 410 2873 Β
454 2829 520 2886 (et
558 2840 672 2872 corr.
707 2841 763 2872 ex
796 2828 837 2873 it
867 2843 924 2873 m.
956 2829 1003 2885 2)
1045 2826 1222 2883 inrepit
1253 2828 1294 2873 Ο
1336 2828 1341 2887 Ι
1387 2826 1537 2872 ullum
1569 2828 1616 2873 Β
1657 2825 1839 2871 nullum
1872 2825 1911 2871 G

198 2887 319 2933 inud
349 2889 484 2934 malit
516 2886 652 2933 Gertz
681 2886 697 2947 ΙΙ
726 2886 787 2931 26
817 2886 1047 2945 Uirgilius
1071 2887 1186 2931 ΒΗ

1941 873 1984 906 10

1942 1258 1983 1293 15

1939 1635 1984 1668 20

1939 2007 1982 2041 25
