2028 3106
262 99 347 144 AD
379 98 704 144 PAVLJNVM
733 98 816 144 DE
848 98 1199 143 BREVITATE
1222 97 1409 144 VITAE
1442 99 1570 146 CAP.
1599 105 1652 145 13
1723 103 1832 157 299

129 221 495 293 ‘depugnanffl
523 238 716 292 parum
741 222 837 273 est.
876 219 1254 293 lancinantur?
1284 239 1475 291 parum
1501 227 1604 278 est:
1626 222 1836 295 ingenti

127 297 270 350 mole
316 296 627 351 animalium
675 292 1034 348 exteran‘turl’
1110 294 1276 348 satius
1316 300 1427 350 erat
1466 298 1571 352 ista
1607 298 1666 352 in
1704 298 1837 353 obli·
1867 314 1893 354 7

126 371 340 425 vionem
379 372 478 440 ire,
515 388 584 423 ne
617 369 736 438 quis
768 372 958 439 postea
987 372 1180 439 potens
1213 369 1439 424 disceret
1468 372 1837 444 invideretque

126 446 204 499 rei
253 447 474 500 minime
522 445 805 498 humanae.
883 462 914 498 o
964 447 1227 514 quantum
1274 445 1518 516 caliginis
1566 448 1835 502 mentibus

126 521 324 575 nostris
388 519 554 575 obicit
606 536 804 590 magna
855 519 1109 573 felicitas!
1184 519 1277 573 ille
1330 537 1388 573 se
1442 538 1605 590 supra
1655 541 1835 577 rerum

125 599 372 650 naturam
424 611 540 649 esse
589 596 721 646 tunc
770 593 1018 664 credidit,
1068 612 1191 648 cum
1242 597 1328 648 tot
1376 594 1692 651 miserorum
1740 598 1836 652 ho-

126 671 331 725 minum
382 672 623 724 catervas
674 668 774 722 sub
825 669 932 722 alio
984 670 1133 724 caelo
1179 669 1321 723 natis
1367 669 1539 723 beluis
1588 671 1838 742 obiceret,

126 763 248 800 cum
293 745 499 799 bellum
546 742 687 796 inter
731 746 843 797 tam
891 743 1126 815 disparia
1171 743 1425 798 animalia
1463 745 1839 816 committeret,
1874 753 1876 755 “

125 839 248 876 cum
293 821 353 874 in
398 820 747 888 conspectum
787 819 977 888 populi
1016 818 1250 873 Romani
1287 820 1521 874 multum
1561 820 1837 892 sanguinis

124 895 374 950 funderet
419 911 549 947 mox
593 892 716 962 plus
764 893 943 963 ipsum
982 895 1205 949 fundere
1245 898 1554 965 coacturus3
1599 898 1656 949 at
1693 895 1836 949 idem

122 974 314 1042 postea
351 966 719 1023 Alexandrina
763 968 990 1038 perfidia
1035 970 1290 1041 deceptus
1329 970 1525 1025 ultimo
1565 969 1836 1041 mancipio

122 1042 590 1100 transfodiendum
653 1059 709 1095 se
770 1044 1037 1114 praebuit,
1105 1048 1224 1099 tum
1286 1046 1503 1100 demum
1565 1046 1839 1100 intellecta

123 1120 272 1174 inani
317 1117 609 1173 iactatione
655 1118 993 1187 cognominis
1041 1119 1140 1172 sui.
1218 1120 1310 1174 sed
1349 1124 1411 1174 ut
1449 1120 1544 1174 illo
1585 1123 1836 1191 revertar,
1867 1134 1896 1176 8

123 1195 267 1249 unde
312 1192 540 1261 decessi,
593 1194 647 1244 et
691 1191 749 1244 in
803 1192 987 1246 eadem
1042 1194 1267 1248 materia
1320 1196 1598 1250 ostendam
1656 1214 1838 1267 super-

123 1287 350 1323 vacuam
367 1265 725 1337 quorumdam
743 1265 1100 1338 diligentiam:
1133 1268 1274 1322 idem
1290 1271 1543 1324 narrabat
1558 1270 1836 1325 Metellum

123 1343 282 1398 victis
327 1342 386 1395 in
432 1339 618 1395 Sicilia
663 1339 858 1395 Poenis
905 1342 1330 1412 triumphantem
1377 1363 1546 1398 unum
1595 1345 1838 1399 omnium

124 1417 495 1472 Romanorum
547 1419 672 1470 ante
724 1434 942 1471 currum
990 1420 1206 1471 centum
1254 1421 1308 1472 et
1352 1418 1548 1490 viginti
1594 1419 1837 1490 captivos

125 1491 442 1563 elephantos
482 1491 721 1562 duxisse3
769 1490 975 1545 Sullam
1015 1491 1268 1545 ultimum
1307 1491 1677 1547 Romanorum
1716 1512 1838 1564 pro-

124 1566 314 1622 tulisse
374 1567 700 1638 pomerium,
771 1567 915 1638 quod
975 1585 1274 1638 numquam
1336 1567 1676 1638 provinciali,
1746 1568 1838 1622 sed

123 1640 315 1698 Italico
369 1660 501 1715 agro
555 1641 826 1713 adquisito
882 1643 1123 1713 proferre
1178 1642 1344 1696 moris
1399 1646 1531 1713 aput
1584 1642 1837 1713 antiquos

123 1717 243 1773 fuit.
317 1717 423 1772 hoc
462 1718 597 1773 scire
637 1718 809 1790 magis
850 1717 1093 1789 prodest,
1133 1736 1294 1788 quam
1326 1716 1656 1772 Aventinum
1689 1737 1839 1773 mon-

123 1797 234 1848 tem
273 1797 426 1848 extra
462 1794 762 1863 pomerium
808 1812 944 1863 esse,
994 1797 1058 1847 ut
1095 1793 1187 1848 ille
1226 1793 1566 1865 adfirmabat,
1618 1797 1838 1864 propter

125 1869 347 1923 alteram
403 1887 470 1922 ex
524 1869 730 1923 duabus
777 1869 977 1938 causis,
1030 1872 1124 1922 aut
1171 1869 1314 1939 quod
1360 1869 1513 1940 plebs
1561 1887 1624 1924 eo
1672 1886 1839 1924 seces-

126 1942 304 2011 sisset,
351 1946 447 1997 aut
493 1943 638 2014 quod
678 1943 850 1998 Remo
898 1943 1212 2014 auspicante
1258 1944 1354 1997 illo
1401 1945 1522 1999 loco
1564 1962 1688 1998 aves
1727 1962 1839 1999 non

128 2015 478 2086 addixissent,
517 2018 624 2072 alia
654 2018 905 2088 deinceps
937 2018 1375 2088 innumerabilia,
1406 2037 1543 2088 quae
1575 2021 1670 2072 aut
1699 2019 1840 2072 farta
1871 2032 1897 2073 9

279 2206 304 2252 1
337 2208 496 2253 verba.-
527 2207 806 2266 depugnant
838 2243 847 2253 .
875 2245 884 2253 .
912 2243 921 2253 .
956 2209 1239 2253 exterantur.
1296 2208 1487 2264 Pompei
1516 2221 1608 2254 esse
1637 2208 1693 2254 de
1722 2215 1841 2257 sorte

127 2266 315 2313 illorum
344 2267 579 2313 hominum
609 2269 745 2325 quasi
775 2268 1071 2312 deliberantis
1098 2267 1235 2312 Gertz
1258 2268 1495 2336 perspexit
1530 2267 1536 2326 Ι
1570 2266 1841 2315 lancinatur

128 2329 173 2373 A
222 2328 228 2385 Ι
273 2326 458 2387 ingenti
500 2341 613 2373 corr.
651 2342 708 2374 ex
748 2326 910 2385 ingeni
947 2327 1017 2371 A²
1053 2327 1069 2385 ΙΙ
1111 2326 1141 2371 2
1180 2324 1422 2371 obliuioni:
1456 2327 1526 2373 A¹
1565 2342 1678 2375 corr.
1715 2330 1786 2376 Αὁ
1821 2331 1840 2416 ΙΙΙ

127 2386 159 2432 8
189 2386 238 2432 in
266 2399 354 2431 con
382 2389 594 2444 spectum
620 2389 666 2433 A
698 2387 748 2432 iu
773 2389 1027 2444 conspectu
1059 2386 1173 2445 voly.
1196 2386 1213 2444 ΙΙ
1244 2385 1302 2430 12
1332 2388 1463 2432 trans
1495 2387 1744 2435 fodiendus
1769 2391 1814 2436 A

128 2461 242 2494 cor-r.
273 2446 344 2492 A'
371 2447 388 2504 ΙΙ
426 2445 484 2491 18
515 2449 726 2492 reuertar
755 2446 881 2491 unde
914 2445 983 2492 A¹
1013 2459 1126 2491 corr.
1159 2459 1217 2491 ex
1250 2449 1578 2494 reuertamnde
1609 2451 1661 2495 in
1691 2463 1836 2509 mar-9.

128 2506 218 2553 A⁰.·
260 2504 280 2551 i
309 2508 541 2552 reuertam
580 2508 597 2566 ΙΙ
638 2507 697 2553 14
729 2506 921 2553 decessi.
971 2508 1019 2552 et
1056 2508 1087 2563 (.
1121 2507 1170 2551 et
1199 2507 1252 2551 in
1281 2509 1391 2565 ras.)
1423 2509 1493 2555 A⁸
1536 2509 1739 2555 decessit
1769 2510 1838 2556 A¹

130 2566 323 2613 discessi
362 2568 411 2611 et
441 2577 470 2611 ς
507 2568 677 2613 recessi
710 2570 759 2613 et
789 2569 921 2614 Pinc.
954 2566 1081 2612 codd.
1125 2566 1142 2625 ΙΙ
1183 2566 1243 2611 16
1280 2567 1485 2614 insicilia
1517 2568 1587 2615 A·
1616 2571 1669 2615 in
1698 2583 1791 2616 ras.
1822 2570 1839 2629 ΙΙ

129 2626 189 2674 18
219 2626 389 2685 syllam
420 2625 638 2672 ultimum
673 2629 858 2685 (timum
883 2629 934 2672 in
957 2640 1048 2672 rae.
1074 2641 1132 2672 m.
1157 2629 1203 2685 3)
1227 2628 1273 2672 A
1297 2628 1313 2686 Η
1344 2628 1402 2673 19
1432 2627 1684 2687 prouiciali
1712 2630 1836 2686 (sicl)

129 2701 164 2734 s.
189 2701 229 2734 v.
255 2686 364 2733 add.
390 2686 461 2733 A⁸
489 2685 509 2746 ΙΙ
535 2686 596 2732 20
619 2688 680 2733 ad
716 2687 859 2733 uisito
892 2687 977 2744 (ito
1002 2688 1054 2731 in
1076 2700 1167 2732 ras.
1194 2688 1366 2735 maiore
1388 2704 1444 2735 m.
1470 2691 1518 2747 3)
1543 2690 1589 2735 A
1619 2688 1636 2747 ΙΙ
1665 2686 1722 2732 21
1747 2687 1836 2733 hoc

131 2749 176 2793 A
207 2746 327 2793 baec
352 2747 619 2806 Wesenberg}
647 2703 753 2805 1222
775 2747 1036 2805 pomerium
1062 2745 1133 2792 A¹
1162 2748 1432 2806 pompeium
1459 2748 1527 2794 A¹
1548 2749 1566 2807 ΙΙ
1595 2746 1656 2792 24
1680 2747 1837 2804 auspi-

132 2807 261 2853 canti
293 2806 561 2865 Wesenberg
589 2807 694 2863 fort.
726 2813 842 2854 recte
879 2809 895 2866 ΙΙ
933 2806 993 2852 25
1025 2805 1329 2855 addixissent.
1385 2807 1496 2854 Alia
1527 2842 1538 2853 .
1567 2843 1576 2853 .
1604 2842 1614 2853 .
1647 2806 1834 2852 similia.

132 2879 240 2911 nam
273 2867 387 2926 0019.
418 2868 852 2925 inter-pumachem&
882 2881 997 2913 corr.
1032 2866 1171 2913 Gertz
1216 2870 1222 2926 Ι
1269 2867 1394 2913 farta
1425 2869 1468 2914 A
1510 2866 1647 2924 paria
1679 2867 1838 2913 Haase

134 2926 233 2980 (cfr.
259 2927 412 2984 praef.
436 2926 523 2972 vol.
551 2927 582 2972 1
601 2940 650 2983 p.
673 2928 791 2984 VII)
824 2927 946 2972 fulta
973 2926 1110 2972 Gertz
