2034 3086
180 75 253 128 36
522 71 570 115 L.
598 70 835 115 ANNAEI
866 69 1141 115 SENECAE
1172 70 1467 115 DIAL.L1B.
1492 71 1549 115 11.

178 194 397 262 ludunt,
451 192 533 245 illi
587 192 644 244 in
695 193 945 246 litoribus
998 182 1227 246 harenae
1289 195 1548 263 congestu
1602 193 1888 248 simulacra

179 269 440 322 domuum
487 267 745 336 excitant,
797 266 856 320 hi
901 269 963 319 ut
1009 284 1266 338 magnum
1312 267 1517 335 aliquid
1563 271 1780 339 agentes
1831 270 1888 322 in

178 342 448 413 lapidibus
504 359 566 394 ac
626 342 920 411 parietibus
983 345 1035 394 et
1087 341 1244 394 tectis
1300 341 1583 406 moliendis
1641 345 1887 412 occupati

178 418 379 471 tutelae
419 433 706 485 corporum
746 416 963 468 inventa
1001 417 1059 469 in
1089 415 1388 486 periculum
1413 419 1700 469 verterunt.
1759 436 1886 489 ergo

178 511 279 563 par
323 491 502 561 pueris
548 491 873 562 longiusque
919 490 1240 563 progressis,
1287 491 1378 544 sed
1425 491 1483 544 in
1521 491 1627 544 alia
1664 492 1888 545 maiora-

180 584 284 636 que
323 584 471 619 error
509 568 603 620 est.
657 583 769 619 non
807 566 1057 620 inmerito
1098 565 1277 634 itaque
1308 565 1504 620 horum
1536 567 1887 621 contumelias

180 641 391 712 sapiens
445 644 507 694 ut
553 641 701 694 iocos
749 640 969 711 accipit,
1021 643 1074 693 et
1120 640 1408 710 aliquando
1456 642 1580 694 illos
1630 644 1888 711 tanquam

177 734 373 787 pueros
412 716 557 772 malo
605 733 884 785 poenaque
923 716 1199 784 admonet,
1249 715 1454 786 adficit,
1490 734 1602 770 non
1642 717 1768 786 quia
1806 737 1889 771 ac-

179 792 322 861 cepit
360 790 613 843 iniuriam
621 830 637 860 ‚
680 790 772 844 sed
806 791 941 860 ‘quia
970 790 1211 843 fecerunt
1249 793 1302 843 et
1325 801 1386 843 ut
1417 791 1663 845 desinant
1693 792 1890 862 facere3

179 867 256 920 sic
310 865 453 918 enim
509 867 562 918 et
608 883 803 934 pecora
840 865 1057 919 verbere
1103 865 1415 935 domantur,
1460 884 1560 920 nec
1610 866 1891 920 irascimur

178 940 312 1008 illis,
362 958 485 993 cum
526 958 786 994 sessorem
825 943 1231 1008 recusaverunt,
1266 940 1358 993 sed
1397 941 1792 1010 conpescimus‚
1829 945 1891 995 ut

179 1015 335 1067 dolor
372 1015 766 1069 contumaciam
789 1015 984 1068 vincat.
1040 1033 1168 1086 ergo
1196 1017 1254 1068 et
1292 1015 1428 1067 illud
1468 1016 1706 1069 solutum
1741 1015 1891 1086 scies,

179 1089 324 1159 quod
362 1089 519 1147 nobis
559 1090 874 1159 opponitur:
915 1089 1096 1158 ‘quare
1105 1131 1120 1158 ,
1159 1090 1204 1144 si
1244 1107 1355 1142 non
1394 1090 1601 1160 accepit
1638 1091 1889 1144 iniuriam

178 1164 390 1233 sapiens
421 1181 520 1216 nec
553 1165 958 1231 contumeliam,
989 1165 1147 1232 punit
1177 1182 1268 1218 eos
1302 1164 1395 1232 qui
1426 1164 1729 1218 feceruntP'
1780 1183 1891 1217 non

177 1239 321 1291 enim
362 1257 416 1292 se
455 1237 758 1309 ulciscitur,
797 1238 889 1293 sed
928 1239 1051 1292 illos
1092 1238 1351 1291 emendat.

325 1325 470 1381 XHI.
512 1325 653 1391 Quid
678 1331 759 1383 est
790 1330 994 1397 autem,
1017 1346 1180 1397 quare
1211 1327 1351 1382 hanc
1383 1328 1549 1381 animi
1579 1328 1890 1381 firmitatem

176 1420 288 1455 non
324 1402 507 1455 credas
540 1402 596 1454 in
619 1403 795 1457 virum
828 1403 1124 1471 sapientem
1156 1403 1366 1472 cadere,
1404 1421 1527 1456 cum
1558 1403 1660 1457 tibi
1683 1404 1741 1456 in
1771 1402 1890 1456 aliis

177 1477 320 1530 idem
377 1479 564 1529 notare
626 1478 718 1531 sed
770 1495 883 1531 non
936 1495 1002 1530 ex
1054 1478 1238 1532 eadem
1289 1496 1450 1531 causa
1497 1478 1693 1532 liceat?
1770 1479 1891 1548 quis

177 1552 322 1605 enim
368 1551 680 1621 phrenetico
728 1552 968 1606 medicus
1014 1552 1299 1607 irascitur?
1377 1552 1496 1621 quis
1535 1553 1890 1606 febricitantis

177 1629 231 1679 et
269 1646 301 1679 a
338 1626 537 1696 frigida
582 1627 844 1696 prohibiti
890 1627 1175 1681 maledicta
1220 1628 1278 1680 in
1323 1627 1522 1680 malam
1559 1630 1767 1698 partem
1808 1645 1892 1680 ac-

178 1700 347 1770 cipit?
422 1701 567 1754 hunc
613 1702 865 1756 affectum
916 1701 1168 1756 adversus
1224 1701 1399 1756 omnis
1449 1701 1611 1756 habet
1662 1702 1892 1771 sapiens,

179 1793 338 1844 quem
385 1775 638 1829 adversus
686 1795 874 1848 aegros
916 1795 1041 1831 suos
1081 1777 1344 1846 medicus,
1394 1794 1624 1846 quorum
1662 1794 1762 1829 nec
1801 1775 1891 1828 ob-

178 1868 357 1920 scena,
412 1850 459 1906 si
503 1850 738 1904 remedio
786 1854 968 1923 egent,
1022 1855 1351 1906 contrectare
1395 1869 1495 1911 nec
1543 1850 1798 1920 reliquias
1838 1853 1892 1902 et

178 1924 346 1979 effusa
391 1925 590 1979 intueri
636 1925 956 1996 dedignatur
992 1944 1091 1980 nec
1129 1945 1225 1996 per
1262 1926 1500 1980 furorem
1540 1924 1890 1979 saevientium

178 1999 423 2068 excipere
463 2000 720 2053 convicia.
800 2002 900 2053 scit
939 2001 1152 2070 sapiens
1194 2001 1368 2054 omnis
1414 1999 1539 2069 hos,
1578 1999 1672 2068 qui
1716 2000 1890 2068 togati

176 2074 567 2143 purpuratique
599 2074 853 2127 incedunt
882 2080 941 2129 ut
962 2076 1224 2145 valentes,
1261 2076 1529 2129 coloratos
1560 2074 1700 2127 male
1732 2092 1888 2128 sanos

177 2167 316 2217 esse,
355 2165 490 2218 quos
529 2167 640 2201 non
679 2149 834 2201 aliter
857 2150 1003 2203 videt
1040 2168 1201 2219 quam
1241 2168 1428 2221 aegros
1468 2148 1887 2217 intemperantis.

327 2294 355 2338 1
389 2294 622 2354 simulacll
642 2295 689 2341 A
713 2309 829 2340 eras.
854 2296 945 2340 vid.
970 2309 1024 2340 ra
1048 2296 1168 2352 quod
1190 2310 1248 2340 m.
1275 2301 1302 2340 1
1326 2310 1360 2340 s.
1378 2311 1418 2340 v.
1437 2294 1684 2340 addiderat
1712 2293 1730 2353 ΙΙ
1759 2294 1789 2339 2
1813 2308 1890 2339 ex-

180 2354 333 2398 citant
356 2355 402 2399 A
433 2370 466 2399 n
495 2370 530 2400 s.
550 2370 589 2400 v.
607 2370 665 2400 m.
693 2360 720 2400 1
749 2355 754 2413 Ι
783 2357 978 2412 agentes
1009 2357 1123 2414 voly.
1154 2355 1380 2413 degentes
1404 2355 1451 2400 A
1483 2354 1514 2397 d
1541 2354 1728 2410 punctis
1757 2360 1888 2399 nota-

179 2420 229 2458 ta
280 2412 298 2472 ΙΙ
345 2412 376 2457 8
414 2413 655 2471 lapidibus
705 2415 1039 2471 <secandis>
1083 2416 1346 2460 Feldmann
1384 2413 1589 2470 lapideis
1626 2413 1888 2470 parietibus

182 2473 320 2518 Gertz
359 2474 475 2518 coni.
522 2473 539 2533 ΙΙ
584 2474 614 2518 5
652 2474 734 2519 sed
772 2474 963 2531 <his>
996 2474 1047 2518 in
1079 2474 1176 2519 alia
1206 2477 1323 2520 coni.
1353 2473 1528 2520 Gemoll
1571 2471 1588 2532 ΙΙ
1631 2473 1661 2518 8
1700 2474 1891 2519 amonet

178 2532 329 2579 afficit
351 2534 398 2578 A
441 2534 614 2578 retineo
655 2535 912 2592 asyndeton
954 2535 1067 2592 (nisi
1107 2536 1228 2591 quod
1271 2535 1402 2579 adm·
1442 2531 1545 2578 adf-
1581 2535 1763 2592 scripsi)
1802 2532 1887 2587 cfr.

177 2607 265 2650 cap
311 2596 355 2648 6,
373 2596 403 2638 6
441 2608 507 2638 ex.
534 2594 648 2639 dial.
674 2594 752 2638 IV
775 2599 846 2647 10,
864 2599 892 2640 5
925 2596 1019 2650 in.;
1057 2597 1131 2648 31,
1148 2599 1175 2638 4
1215 2609 1283 2640 ex.
1317 2595 1429 2639 dial.
1469 2593 1514 2638 V
1532 2596 1600 2638 18.
1619 2597 1649 2638 3
1679 2608 1746 2639 ex.
1773 2592 1888 2638 dial.

188 2653 292 2698 VII
318 2656 438 2708 23,3
475 2668 571 2710 ex.;
611 2656 686 2708 27,
703 2656 744 2698 3.
788 2668 828 2698 v.
862 2660 906 2699 et
941 2655 1066 2700 clem.
1103 2655 1166 2699 ΙΙ
1193 2659 1236 2709 7,
1250 2658 1294 2699 2.
1341 2652 1491 2698 afficit
1531 2655 1664 2698 wncis
1700 2652 1891 2697 inclusit

180 2712 394 2768 Fickert;
422 2712 549 2758 malo
575 2713 800 2758 admonet
822 2726 1070 2771 poenaque
1094 2713 1257 2759 adficit
1282 2713 1550 2770 Wesenberg]
1571 2712 1588 2773 ΙΙ
1618 2712 1677 2758 18
1691 2712 1888 2756 notares

180 2772 229 2815 et
252 2771 322 2816 A¹
352 2786 466 2818 corr.
491 2789 548 2819 m.
579 2777 703 2819 1-2
738 2772 756 2832 ΙΙ
797 2771 855 2817 19
887 2772 1104 2818 frenitico
1136 2774 1206 2819 A¹
1235 2788 1351 2819 corr.
1385 2773 1437 2816 in
1476 2772 1699 2817 frenetico
1731 2785 1789 2816 m.
1813 2774 1846 2816 2
1871 2770 1889 2831 Η

180 2830 239 2875 22
270 2830 496 2891 obscenas
528 2832 597 2878 ire
628 2832 794 2877 medio·
814 2831 880 2877 A¹
898 2841 1027 2877 'coi-r.
1052 2849 1110 2878 m.
1137 2837 1262 2879 1-2
1298 2832 1316 2892 ΙΙ
1351 2831 1412 2876 26
1448 2834 1503 2876 ut
1537 2833 1644 2878 add.
1672 2830 1889 2876 Weidner

180 2891 409 2935 incedunt
439 2892 546 2948 val„
579 2891 777 2938 colorati
809 2905 882 2947 os,
914 2891 1039 2936 male
1071 2905 1208 2938 sanos
1240 2905 1342 2937 esse
1364 2892 1632 2948 Petschenig]

1921 883 1964 916 10

1923 1256 1964 1288 15

1922 1644 2034 1683 20,Ἰ

1921 2017 1964 2049 25
