2034 3086
792 53 1139 102 PRAEFATIO
1706 52 1816 98 XIII

109 186 347 239 milandis
378 185 562 236 codicis
592 183 987 234 inconstantiam
1024 184 1224 232 secutus
1263 197 1373 231 sum
1406 182 1504 243 ita,
1541 181 1622 242 ut,
1668 178 1755 228 ubi
1787 176 1810 225 ’ῖ

110 262 353 326 scriptum
405 263 517 311 erat
566 274 658 309 nec
710 256 959 322 liquebat,
1010 259 1186 307 utrum
1236 258 1292 305 in
1344 272 1410 306 an
1460 256 1530 304 im
1578 253 1814 304 librarius

110 337 262 388 scribi
298 336 561 397 voluisset,
605 335 675 383 im
721 335 839 383 ante
878 333 907 382 b
944 347 996 381 m
1025 349 1065 394 p
1104 348 1218 382 cum
1256 330 1455 381 Gertzio
1498 329 1815 394 praeferrem,

108 413 232 461 item
270 407 323 461 α’)
361 411 417 460 in
455 424 581 471 com,
618 407 705 458 sed
745 405 773 456 ὁ
809 423 1004 470 semper
1039 406 1094 455 in
1132 422 1222 456 con
1259 407 1516 456 solverem.

259 485 335 535 De
389 483 642 535 codicibus
695 481 1024 532 deterioribus
1071 475 1150 549 (ς)
1195 497 1298 531 non
1346 481 1506 530 habeo
1560 478 1695 543 quod
1744 476 1816 527 eis
1847 490 1876 524 ς

110 560 316 623 addam,
359 575 488 624 quae
522 557 670 608 Gertz
706 559 761 607 in
799 557 957 621 praef.
988 556 1105 605 edit.
1145 572 1266 606 suae
1305 558 1356 605 et
1392 556 1448 605 in
1478 555 1609 604 Berl.
1633 553 1815 602 Philol.

109 635 459 686 Wochenschr.
481 635 622 684 1889
656 651 702 697 p.
724 634 829 682 372
849 647 922 695 sq.
946 633 999 680 et
1020 647 1179 695 nuper
1206 631 1374 680 Hense
1405 632 1460 680 in
1489 629 1645 694 praef.
1671 628 1815 692 epist.

109 711 328 761 Senecae
358 727 408 775 p.
431 709 571 758 XXV
595 723 667 772 sq.
692 710 746 757 et
765 705 979 756 XXXVI
1009 722 1082 770 sq.
1114 706 1386 770 prudenter
1420 705 1815 769 disputaverunt.

111 785 365 836 codicibus
403 784 483 833 his
518 783 856 833 multifariam
893 780 1141 844 corruptis
1180 783 1332 844 atque
1368 779 1687 844 interpolatis
1725 793 1817 828 nos

110 864 166 911 in
214 858 560 910 emendatione
609 858 758 923 plane
809 872 975 907 carere
1024 871 1126 905 non
1174 871 1320 920 posse
1369 856 1451 906 vel
1499 871 1633 906 unus
1678 854 1816 903 locus

110 935 300 985 clamat
343 928 415 1002 (p.
445 934 567 997 118,
585 929 667 1001 3),
718 948 820 997 quo
870 931 972 981 duo
1018 930 1172 981 verba
1219 934 1352 981 certe
1397 930 1641 996 genuina,
1689 944 1819 993 quae

109 1011 165 1060 in
216 1010 268 1060 A
319 1025 422 1059 non
472 1010 734 1075 leguntur,
791 1007 847 1056 in
899 1005 1152 1056 codicibus
1205 1005 1565 1056 recentioribus
1618 1005 1820 1056 servata

111 1087 243 1135 sunt.
318 1084 449 1134 illud
486 1100 687 1149 quoque
725 1081 1092 1133 concedendum
1129 1083 1208 1132 est
1242 1082 1379 1131 haud
1415 1097 1532 1131 raro
1567 1095 1666 1143 eos,
1705 1096 1819 1129 cum

111 1162 166 1210 in
210 1159 527 1227 gravioribus
572 1158 766 1209 mendis
812 1173 926 1207 cum
962 1155 1296 1207 Ambrosiano
1341 1157 1444 1206 fere
1487 1154 1818 1217 consentiant,

111 1237 167 1285 in
215 1234 486 1285 levioribus
531 1234 741 1284 meliora
786 1232 1076 1282 servavisse.
1160 1247 1251 1282 nec
1295 1234 1466 1282 tamen
1510 1231 1627 1281 inde
1670 1230 1818 1280 colle·

112 1311 272 1376 gerim
317 1309 480 1359 denuo
525 1325 611 1360 eos
656 1310 710 1358 et
754 1307 1039 1357 accuratius
1084 1308 1145 1355 ut
1182 1322 1209 1356 e
1246 1307 1471 1371 pleniore
1516 1321 1576 1355 ac
1616 1306 1819 1370 puriore

111 1386 251 1435 fonte
274 1385 527 1435 derivatos
550 1381 936 1449 perscrutandos
969 1396 1090 1431 esse.
1146 1381 1259 1445 quis
1292 1381 1426 1430 enim
1457 1395 1582 1445 opus
1612 1381 1820 1444 plenum

111 1459 271 1510 taedii
308 1462 462 1523 atque
500 1459 639 1509 aleae
678 1456 945 1522 suscipiat,
992 1471 1105 1505 cum
1142 1456 1364 1506 fructum
1400 1456 1573 1506 labore
1610 1455 1820 1521 dignum

112 1550 227 1585 eum
277 1536 630 1600 percepturum
678 1531 909 1597 improba
957 1546 1071 1595 spes
1121 1530 1222 1581 sit?
1273 1547 1437 1596 neque
1486 1530 1619 1580 enim
1665 1529 1819 1594 scrip-

112 1613 258 1660 turae
292 1610 410 1659 illae
449 1608 811 1659 emendatiores
854 1607 909 1656 in
946 1622 1049 1656 uno
1089 1606 1311 1665 alterove
1350 1606 1519 1656 codice
1557 1605 1820 1655 inveniun-

112 1687 220 1748 tur,
266 1685 355 1735 sed
398 1700 489 1749 per
533 1685 721 1734 multos
766 1682 922 1732 libros
953 1681 1206 1746 dispersae
1242 1683 1384 1746 sunt,
1422 1697 1514 1731 nec
1551 1683 1659 1730 tam
1689 1678 1819 1728 diffi-

113 1759 232 1810 ciles
280 1762 400 1810 sunt
444 1759 678 1820 inventu,
726 1760 787 1808 ut
835 1757 942 1807 veri
991 1756 1234 1807 dissimile
1295 1758 1364 1807 sit
1408 1756 1660 1807 exstitisse
1698 1754 1820 1804 olim

113 1834 338 1885 homines
369 1833 572 1900 linguae
601 1834 789 1884 latinae
818 1835 927 1882 tam
961 1831 1164 1896 peritos,
1201 1834 1262 1882 ut
1290 1832 1542 1896 simplices
1573 1828 1822 1881 scribendi

114 1925 304 1960 errores
348 1908 524 1960 tollere
571 1910 787 1975 possent.
834 1908 887 1957 in
923 1922 1110 1973 magno
1141 1908 1310 1957 autem
1339 1906 1566 1957 codicum
1605 1904 1821 1955 Senecae

113 1999 322 2034 numero
359 1983 513 2035 libros
552 1985 673 2035 olim
709 1984 864 2034 fuisse
902 1981 1124 2032 melioris
1161 1984 1311 2032 notae
1340 1982 1533 2046 plures,
1571 1996 1598 2031 e
1637 1979 1821 2045 quibus

114 2058 274 2109 bonae
312 2059 430 2109 illae
467 2059 704 2110 lectiones
742 2058 847 2123 peti
884 2058 1112 2123 possent,
1149 2073 1250 2107 non
1282 2056 1555 2106 admodum
1586 2054 1820 2106 credibile

115 2132 328 2184 videtur.
380 2137 652 2199 utcumque
688 2149 769 2184 res
806 2147 913 2183 sese
950 2131 1126 2196 habet,
1163 2131 1229 2182 ad
1267 2130 1579 2182 emendanda
1610 2129 1818 2180 Ambro-

115 2207 247 2267 siani
284 2208 438 2259 verba
475 2226 536 2259 ex
573 2209 652 2259 his
691 2207 943 2259 codicibus
981 2207 1146 2257 multa
1182 2206 1370 2257 lucrari
1407 2222 1498 2257 nos
1537 2221 1683 2271 posse
1720 2220 1821 2255 non

116 2281 421 2332 crediderim.
512 2285 687 2348 itaque
748 2300 806 2333 ex
869 2283 1120 2347 apparatu
1179 2283 1404 2347 priorum
1458 2281 1709 2331 editorum
1762 2295 1822 2329 ea

115 2358 318 2406 tantum
372 2358 548 2424 selegi,
601 2374 733 2423 quae
782 2358 934 2407 utilia
982 2372 1090 2408 esse
1140 2356 1462 2420 videbantur,
1515 2371 1606 2406 nec
1655 2355 1822 2420 sprevi

117 2446 248 2496 quae
293 2430 441 2482 Gertz
478 2448 538 2482 ex
582 2433 724 2483 libris
764 2434 915 2482 antea
965 2431 1155 2497 ignotis
1205 2431 1396 2482 attulit.
1469 2433 1522 2481 et
1569 2430 1623 2480 in
1677 2429 1820 2479 libris

118 2505 318 2571 quidemn
369 2505 431 2557 de
477 2506 557 2558 ira
605 2508 806 2572 scriptis
854 2507 1041 2557 multas
1087 2506 1326 2557 lectiones
1372 2505 1555 2556 codicis
1600 2503 1821 2555 Lauren-

116 2580 246 2630 tiani
283 2573 383 2648 (L)
424 2582 596 2643 76‚32
636 2598 763 2632 saec.
788 2582 888 2633 XII
927 2582 1007 2633 vel
1045 2580 1170 2631 XIII
1215 2581 1501 2644 adnotavit,
1546 2579 1665 2630 libri
1702 2594 1823 2629 sane
1854 2579 1898 2624 L

118 2655 439 2722 neglegenter
483 2656 658 2722 scripti
696 2659 748 2708 et
784 2657 994 2708 licenter
1029 2656 1345 2721 interpolati,
1389 2656 1444 2706 in
1482 2653 1822 2706 consolatione

118 2733 290 2780 autem
328 2730 392 2780 ad
430 2730 671 2782 Marciam
717 2732 824 2782 cod.
863 2731 1143 2782 Florentini
1182 2725 1309 2800 (F),
1357 2730 1596 2781 Laurent.
1632 2730 1717 2791 76,
1735 2730 1824 2791 41,
1855 2727 1906 2773 F

120 2819 246 2854 saec.
270 2805 377 2868 XV,
417 2822 515 2870 quo
562 2807 734 2857 eodem
775 2807 827 2857 in
868 2806 1044 2871 primis
1075 2806 1321 2871 capitibus
1360 2805 1718 2858 consolationis
1759 2802 1823 2853 ad

119 2877 385 2944 Polybium
424 2882 640 2946 scriptae
678 2897 796 2932 usus
836 2885 926 2933 est.
