2028 3106
181 1510 203 1549 1

180 1804 205 1845 2'

235 107 344 160 260
560 105 610 150 L.
634 105 871 149 ANNAEI
901 105 1174 151 SENECAE
1206 106 1362 155 DIAL,
1387 107 1499 152 LIB.
1524 107 1600 152 IX.

234 223 378 296 fugit
413 241 512 278 nec
549 243 670 278 eum
700 226 971 295 reducere,
1011 244 1133 279 cum
1163 229 1574 298 monstraretur,
1611 230 1750 282 tanti
1780 234 1931 299 puta-

235 299 328 352 vit.
418 298 596 368 ‘turpe
646 299 752 354 est'
809 299 987 369 inquit
1032 300 1254 354 ‘Manen
1310 300 1423 354 sine
1475 301 1717 374 Diogene
1774 322 1932 373 posse

235 372 437 441 vivere,
481 371 762 443 Diogenen
801 373 913 427 sine
950 373 1108 427 Mane
1137 394 1250 428 non
1285 375 1478 444 posse?
1551 378 1764 431 videtur
1799 378 1935 431 mihi

237 446 456 500 dixisse:
528 446 654 518 ‘age
715 451 870 500 tuum
930 449 1234 518 negotium,
1294 449 1532 518 fortuna,
1591 452 1731 505 nihil
1791 452 1935 522 apud

236 520 516 591 Diogenen
560 522 668 575 iam
713 521 795 574 tui
841 524 941 575 est:
986 522 1128 593 fugit
1173 522 1308 576 mihi
1346 541 1553 593 servus,
1599 525 1762 579 immo
1800 527 1936 580 liber

237 595 378 649 abii?
452 595 657 649 familia
701 595 839 665 petit
878 596 1187 651 vestiarium
1225 599 1557 668 victumque,
1603 602 1687 653 tot
1724 604 1934 655 ventres

240 669 671 724 avidissimorum
717 670 1030 724 animalium
1075 672 1262 726 tuendi
1308 675 1454 740 sunt,
1505 674 1727 727 emenda
1771 677 1935 729 vestis

236 748 290 798 et
321 744 696 799 custodiendae
719 745 1094 814 rapacissimae
1117 765 1306 801 manus
1331 750 1385 800 et
1407 747 1652 801 flentium
1675 748 1935 803 detestan-

237 818 480 888 tiumque
519 818 828 872 ministeriis
867 820 1149 874 utendum:
1197 825 1397 889 quanto
1436 822 1529 875 ille
1566 821 1796 892 felicior,
1843 824 1938 894 qui

236 893 375 946 nihil
422 894 522 946 ulli
573 893 750 961 debet,
804 893 910 946 nisi
960 894 1046 947 cui
1094 895 1348 948 facillime
1400 899 1585 967 negat,
1637 895 1762 950 sibi!
1844 898 1937 951 sed

239 967 494 1037 quoniam
548 985 661 1020 non
717 969 799 1020 est
852 967 1008 1020 nobis
1057 971 1269 1022 tantum
1319 970 1551 1040 roboris,
1604 971 1939 1041 angustanda

239 1044 379 1095 certe
430 1043 558 1094 sunt
595 1041 939 1110 patrimonia,
993 1045 1054 1095 ut
1108 1043 1285 1097 minus
1326 1043 1393 1096 ad
1430 1043 1653 1098 iniurias
1691 1044 1937 1099 fortunae

239 1115 406 1168 simus
458 1114 702 1184 expositi.
788 1115 1054 1169 habiliora
1105 1120 1230 1171 sunt
1280 1135 1504 1187 corpora
1551 1119 1610 1172 in
1646 1119 1790 1173 bello
1829 1119 1937 1188 illa,

240 1207 374 1257 quae
412 1188 470 1241 in
508 1207 655 1242 arma
692 1207 789 1242 sua
827 1190 1070 1243 contrahi
1108 1195 1358 1260 possunt,
1398 1210 1559 1260 quam
1591 1211 1725 1262 quae
1758 1210 1938 1262 super-

237 1262 537 1315 funduntur
574 1266 628 1315 et
664 1263 900 1331 undique
939 1266 1252 1335 magnitudo
1287 1284 1382 1319 sua
1412 1267 1716 1321 volneribus
1750 1267 1937 1321 obicit:

240 1337 476 1407 optimus
523 1338 778 1406 pecuniae
825 1337 1015 1391 modus
1055 1342 1157 1408 est,
1205 1340 1298 1409 qui
1335 1357 1434 1393 nec
1472 1340 1530 1394 in
1567 1345 1937 1411 paupertatem

238 1411 400 1481 cadit,
438 1430 539 1465 nec
576 1412 767 1482 procul
806 1430 837 1464 a
874 1417 1184 1481 paupertate
1224 1414 1461 1467 discedit.

386 1499 477 1554 IX.
540 1500 782 1554 Placebit
820 1503 998 1554 autem
1035 1502 1167 1556 haec
1203 1503 1362 1556 nobis
1401 1522 1670 1573 mensura,
1709 1505 1753 1558 si
1788 1505 1936 1575 prius

238 1575 564 1644 parsimonia
594 1574 876 1645 placuerit,
909 1575 1022 1629 sine
1057 1595 1163 1646 qua
1191 1596 1291 1630 nec
1322 1577 1463 1630 ullae
1496 1596 1623 1647 opes
1649 1579 1940 1648 sufficiunt,

236 1667 336 1702 nec
373 1650 515 1703 ullae
546 1649 584 1719 †
614 1668 726 1702 non
765 1650 892 1703 satis
932 1654 1139 1721 patent,
1177 1651 1488 1721 praesertim
1519 1669 1642 1705 cum
1673 1653 1731 1705 in
1759 1653 1936 1706 vicino

239 1722 531 1775 remedium
582 1723 653 1777 sit
702 1726 756 1776 et
806 1725 977 1792 possit
1025 1725 1143 1795 ipsa
1191 1728 1477 1795 paupertas
1528 1725 1585 1779 in
1631 1726 1842 1779 divitias
1884 1746 1938 1780 se

241 1797 498 1850 advocata
542 1797 852 1868 frugalitate
903 1803 1220 1853 convertere.
1299 1799 1672 1854 adsuescamus
1713 1819 1745 1853 a
1780 1801 1938 1854 nobis

241 1889 512 1924 removere
565 1890 844 1941 pompam,
907 1876 960 1925 et
1016 1891 1143 1927 usus
1194 1892 1395 1943 rerum,
1450 1892 1562 1927 non
1612 1878 1937 1945 ornamenta,

240 1944 432 1999 metiri.
511 1944 660 1999 cibus
706 1946 904 1999 famem
954 1946 1154 2018 domet,
1202 1949 1352 2018 potio
1401 1947 1571 2017 sitim,
1616 1949 1784 2002 libido
1833 1968 1939 2019 qua

239 2037 454 2074 necesse
516 2022 598 2073 est
657 2020 812 2089 fluat3
874 2020 1138 2076 discamus
1201 2022 1452 2076 membris
1512 2023 1711 2076 nostris
1767 2024 1939 2093 inniti,

241 2094 445 2148 cultum
489 2093 800 2162 victumque
848 2112 960 2147 non
1009 2096 1075 2149 ad
1127 2115 1269 2150 nova
1314 2097 1559 2165 exempla
1604 2114 1939 2167 componere,

390 2254 420 2298 2
449 2255 618 2311 inquid
654 2254 849 2299 mathen
888 2261 931 2300 et
969 2257 1130 2302 mathe
1160 2258 1207 2303 A
1246 2271 1359 2302 corr.
1391 2257 1504 2314 volq.
1547 2257 1564 2316 ΙΙ
1605 2257 1634 2302 5
1672 2259 1790 2303 mihi
1823 2259 1937 2316 voly.

243 2311 310 2356 mi
339 2312 410 2357 Αι
444 2329 589 2371 supra
625 2315 747 2372 quod
783 2315 967 2371 scripsit
999 2315 1088 2361 A⁸2
1123 2332 1163 2378 <P
1201 2316 1320 2360 mihi
1356 2317 1360 2374 Ι
1396 2330 1573 2372 servus,
1604 2319 1767 2374 interp.
1803 2318 1940 2363 Gertz

244 2372 431 2416 servus?
472 2374 586 2431 volq.
631 2375 636 2433 1
682 2373 804 2418 liber
842 2373 940 2418 abii
979 2376 1065 2431 (vel
1102 2389 1189 2433 ego
1220 2375 1342 2420 liber
1372 2374 1487 2432 abii)
1526 2391 1565 2422 v.
1592 2378 1635 2422 d.
1660 2378 1785 2422 Vliet
1820 2375 1940 2420 liber

245 2430 348 2475 abit
370 2431 417 2476 A
449 2431 568 2488 (abit
596 2435 649 2478 in
678 2447 770 2479 ras.
795 2433 880 2491 A⁶)
918 2433 935 2493 ΙΙ
971 2433 1002 2477 6
1032 2436 1263 2480 uestiariu
1287 2434 1357 2479 A5
1389 2434 1405 2493 ΙΙ
1443 2435 1501 2480 10
1533 2437 1609 2480 cui
1634 2438 1794 2482 Muret
1824 2435 1940 2491 quid

244 2491 291 2536 A
329 2490 334 2549 Ι
387 2489 446 2534 12
482 2493 537 2535 ut
567 2493 636 2538 A⁵
668 2495 752 2537 aut
774 2491 844 2538 A²
880 2492 897 2552 ΙΙ
938 2492 997 2538 13
1027 2494 1078 2538 in
1108 2494 1232 2539 bello
1263 2493 1349 2538 illa
1379 2494 1605 2541 Schultess
1641 2493 1861 2540 inbecillo
1893 2496 1939 2539 A

244 2551 296 2595 in
371 2549 461 2594 ello
497 2561 526 2594 ς
565 2551 615 2594 in
657 2552 784 2597 bella
819 2553 1079 2599 Pincianus
1118 2554 1204 2598 illa
1242 2553 1366 2598 bello
1406 2554 1541 2600 Gertz
1577 2555 1594 2615 ΙΙ
1635 2555 1694 2598 15
1732 2553 1878 2598 obicit
1912 2565 1940 2598 ς

246 2609 420 2656 obiecit
450 2610 497 2654 A
534 2609 551 2669 ΙΙ
590 2610 650 2655 20
678 2626 765 2658 nec
794 2611 890 2657 ulle
921 2627 1015 2658 non
1046 2614 1161 2658 satis
1192 2614 1360 2670 patent
1390 2615 1437 2659 A
1472 2619 1703 2670 corrupte,
1733 2615 1940 2670 quamvis

247 2670 522 2728 Madviyius
552 2670 777 2725 defendat.
827 2686 923 2717 non
952 2675 1099 2731 mayis
1120 2673 1267 2730 probo
1299 2674 1418 2729 quod
1449 2674 1661 2719 Haasius
1699 2674 1801 2730 (nec
1834 2687 1938 2717 cum

245 2729 331 2773 illa
362 2728 489 2773 ullae
519 2743 564 2772 n.
582 2743 616 2773 s.
633 2731 698 2788 p.)
731 2746 916 2788 eumque
945 2738 1124 2778 secutus
1148 2732 1285 2777 Gertz
1316 2735 1430 2778 coni.
1482 2735 1585 2790 (nec
1609 2746 1714 2776 cum
1737 2732 1822 2776 illa
1845 2747 1939 2778 non

248 2803 282 2834 s,
317 2790 383 2847 p.)
432 2802 519 2834 nec
566 2787 693 2858 ullae
743 2792 907 2835 domus
954 2793 1068 2836 satis
1114 2793 1282 2848 patent
1327 2792 1574 2847 Schultess,
1621 2792 1742 2848 quod
1784 2807 1939 2839 verum

246 2848 474 2904 haberem,
517 2849 561 2893 si
599 2863 652 2892 in
695 2851 758 2893 eis
798 2865 912 2906 quae
962 2851 1234 2896 antecedunt
1281 2853 1500 2909 scriptum
1550 2857 1681 2898 esset.-
1727 2852 1767 2896 si
1808 2853 1938 2910 prius

250 2906 499 2964 frugalitas
532 2908 618 2965 (vel
647 2908 896 2967 modestia)
927 2910 1160 2966 placuerit

1969 917 2012 949 10

1970 1285 2012 1317 15

1969 1671 2013 1703 20

1970 2042 2012 2074 26
