2028 3106
361 78 445 123 AD
478 75 836 123 GALLIONEM
865 77 947 122 DE
978 78 1124 123 VITA
1155 78 1359 122 BEATA
1391 78 1519 125 CAP.
1544 85 1600 126 25
1721 81 1830 136 225

138 199 363 253 effluens
413 197 694 252 incubabo,
771 198 900 267 quid
950 218 1078 271 ergo
1125 198 1240 253 est?
1314 199 1479 268 malo,
1532 202 1660 271 quid
1696 200 1832 255 mihi

137 273 303 327 animi
349 272 440 341 sit,
490 272 768 326 ostendere
812 276 1176 342 praetextatus
1215 275 1270 326 et
1305 271 1345 342 †
1382 279 1630 330 causatus
1670 293 1830 346 quam

136 347 295 402 nudis
346 345 577 416 scapulis
627 349 721 399 aut
757 345 796 415 †
835 348 1105 402 sententis.
1183 363 1365 401 omnes
1412 348 1546 400 mihi
1592 368 1660 403 ex
1701 353 1830 404 voto

137 422 249 476 dies
288 420 499 489 cedant,
535 438 708 474 novae
746 421 1130 491 gratulationes
1161 420 1428 492 prioribus
1461 422 1832 478 subtexantur:

86 513 107 547 ⁶
134 514 247 550 non
293 495 362 548 ob
406 494 513 547 hoc
557 492 692 548 mihi
729 495 969 564 placebo,
1045 499 1196 550 muta
1233 495 1311 561 ins
1327 496 1655 551 contrarium
1692 498 1832 553 hanc

134 568 524 641 indulgentiam
568 569 851 640 temporis,
895 569 1023 624 hinc
1068 570 1219 625 illinc
1254 569 1585 640 percutiatur
1622 572 1831 627 animus

135 645 352 712 damno,
389 643 564 714 luctu,
600 643 996 699 incursionibus
1034 645 1200 714 varis,
1235 645 1386 698 nulla
1422 643 1556 697 hora
1593 645 1708 700 sine
1738 647 1832 701 ali-

134 736 242 787 qua
291 719 529 788 querella
575 718 667 772 sit:
715 736 827 773 non
864 718 983 772 ideo
1022 737 1108 772 me
1147 719 1320 774 dicam
1358 718 1498 773 inter
1534 719 1833 774 miserrima

134 793 412 862 miserum,
447 811 560 847 non
597 792 718 847 ideo
758 794 990 863 aliquem
1029 793 1317 847 execrabor
1354 794 1517 863 diem3
1554 793 1831 863 provisum

59 884 103 917 10
132 870 215 920 est
263 866 406 920 enim
452 886 485 921 a
530 886 638 936 me,
687 886 756 921 ne
806 867 926 936 quis
973 866 1107 920 mihi
1152 870 1267 921 ater
1313 868 1424 922 dies
1472 871 1622 921 esset.
1701 868 1830 938 quid

131 958 260 1012 ergo
300 940 417 995 est?
483 942 627 995 malo
667 941 863 1012 gaudia
899 944 1216 1011 temperare,
1255 959 1417 1012 quam
1449 942 1658 996 dolores
1690 960 1831 997 com-

131 1015 381 1085 pescere?
441 1015 547 1070 hoc
583 1015 683 1068 tibi
712 1014 804 1068 ille
837 1013 1083 1069 Socrates
1115 1014 1277 1070 dicet:
1319 1016 1429 1070 ‘fac
1458 1035 1543 1069 me
1573 1016 1830 1071 victorem

130 1090 502 1144 universarum
570 1089 837 1160 gentium,
917 1090 1174 1143 delicatus
1243 1091 1336 1145 ille
1397 1090 1578 1145 Liberi
1643 1109 1829 1146 currus

130 1164 554 1234 triumphantem
599 1180 770 1231 usque
824 1163 891 1216 ad
946 1162 1155 1218 Thebas
1211 1182 1243 1218 a
1296 1165 1426 1219 solis
1482 1168 1602 1219 ortu
1655 1167 1830 1236 vehat,

58 1254 100 1288 ιι
129 1239 248 1291 iura
267 1256 421 1309 reges
444 1237 483 1306 †
505 1237 782 1305 penatium
806 1240 1014 1307 petant:
1052 1256 1136 1291 me
1159 1238 1432 1293 hominem
1457 1258 1569 1293 esse
1600 1241 1830 1294 maxime

130 1312 406 1382 cogitabo,
458 1327 580 1363 cum
631 1310 761 1364 deus
810 1312 1047 1380 undique
1086 1314 1478 1368 consalutabor.
1553 1313 1681 1368 huic
1718 1318 1830 1368 tam

130 1385 348 1438 sublimi
400 1383 618 1455 fastigio
673 1386 939 1457 coniunge
987 1386 1234 1454 protinus
1273 1388 1620 1458 praecipitem
1660 1392 1830 1443 muta-

128 1459 355 1527 tionem3
423 1458 481 1511 in
547 1458 782 1514 alienum
844 1461 1075 1529 inponar
1133 1461 1417 1517 fericulum
1479 1466 1830 1517 exornaturus

128 1531 348 1586 victoris
398 1533 617 1603 superbi
670 1553 733 1589 ac
781 1534 882 1588 feri
933 1552 1212 1605 pompam:
1263 1555 1376 1591 non
1424 1537 1681 1590 humilior
1731 1537 1829 1590 sub

53 1624 99 1658 πο
128 1606 302 1660 alieno
350 1624 511 1661 curru
558 1627 688 1680 agar
734 1627 895 1679 quam
934 1609 992 1661 in
1030 1628 1150 1664 meo
1191 1614 1453 1666 steteram.
1534 1612 1662 1680 quid
1701 1629 1828 1683 ergo

128 1679 247 1734 est?
319 1682 532 1737 vincere
570 1686 750 1737 tamen
789 1702 949 1753 quam
990 1684 1110 1753 capi
1148 1687 1306 1740 malo.
1367 1688 1542 1739 totum
1582 1685 1829 1740 fortunae
1861 1700 1887 1741 5

126 1772 352 1826 regnum
414 1757 730 1828 despiciam,
794 1757 886 1811 sed
948 1776 1013 1811 ex
1074 1759 1195 1829 illo,
1256 1760 1303 1814 si
1349 1759 1563 1813 dabitur
1623 1760 1829 1829 electiO,

128 1828 349 1883 meliora
386 1848 609 1887 sumam.
688 1831 942 1903 quicquid
982 1832 1048 1885 ad
1087 1851 1173 1887 me
1211 1834 1439 1904 venerit,
1481 1834 1683 1888 bonum
1722 1835 1831 1903 fiet,

273 1988 304 2034 2
335 1993 631 2047 pretextatus
662 1994 701 2039 ἂν,
732 1995 966 2039 causatus.
1019 1996 1113 2050 qua
1142 1994 1261 2039 nudi
1291 1995 1498 2052 scapulis
1531 1998 1615 2040 aut
1645 1997 1828 2040 senten-

126 2049 189 2094 tiu
223 2049 271 2095 A
312 2052 512 2106 pexatus
555 2055 604 2098 et
645 2055 937 2111 gausapatus
978 2066 1120 2109 quam
1159 2053 1300 2099 nudis
1341 2055 1546 2112 scapulis
1578 2057 1661 2098 aut
1692 2053 1828 2101 semi-

126 2107 266 2153 tectis
302 2109 497 2166 Lipsius
536 2115 861 2168 praetextatus
904 2114 953 2157 et
989 2112 1227 2157 calceatus
1266 2127 1408 2171 quam
1447 2114 1586 2159 nudis
1622 2111 1827 2169 scapulis

127 2169 212 2212 aut
247 2168 388 2213 sectis
425 2168 604 2227 plantis
643 2173 760 2231 (coll.
796 2173 922 2229 Very.
953 2172 1071 2217 Buc.
1105 2173 1158 2218 X
1185 2175 1262 2231 49)
1299 2175 1352 2219 in
1449 2175 1529 2231 ‘osg
1558 2172 1783 2240 Schultess
1812 2171 1829 2233 ΙΙ

126 2228 158 2273 4
193 2240 342 2272 novae
376 2238 406 2272 s·
446 2242 569 2274 nouo
593 2232 640 2277 A
679 2232 698 2317 H
738 2232 768 2277 5
806 2234 939 2276 muta
977 2245 1090 2276 corr.
1123 2246 1180 2278 ex
1216 2216 1378 2293 multa,
1398 2234 1445 2278 A
1544 2232 1574 2275 6
1605 2230 1705 2276 illic
1735 2233 1782 2277 A
1811 2239 1828 2285 ΙΙ

130 2287 156 2333 7
200 2286 330 2331 uaris
368 2286 440 2333 A¹
484 2289 587 2334 -riis
626 2292 674 2336 A
748 2292 754 2351 1
801 2290 933 2336 nulla
973 2290 1091 2336 hora
1125 2292 1354 2338 Erasmus
1396 2306 1429 2336 n
1499 2304 1528 2335 a
1566 2290 1829 2352 homoAss

127 2345 187 2392 12
215 2345 305 2391 hoc
327 2347 374 2392 A
406 2346 563 2393 adhuc
589 2349 725 2397 Gertz
766 2350 783 2411 ΙΙ
825 2351 884 2396 15
922 2350 1062 2408 iuras]
1089 2352 1220 2410 (eras.
1245 2352 1487 2409 punctum)
1519 2363 1652 2408 reges
1682 2364 1827 2408 pena-

126 2406 199 2452 tit-1
233 2406 239 2465 Ι
273 2407 442 2463 petant
471 2408 511 2461 (t
532 2407 700 2455 ιαιύηια
728 2411 782 2456 im
811 2424 902 2455 rae.
925 2410 1090 2467 paullo
1113 2411 1286 2456 maiore
1307 2410 1393 2468 ΑΒ)
1415 2423 1490 2454 me
1513 2409 1703 2455 homine
1726 2423 1827 2456 esse

126 2466 330 2511 maxime
355 2464 575 2524 cogitabo
599 2468 645 2512 A
676 2468 783 2514 iura
806 2483 940 2528 reges
965 2483 994 2514 a
1016 2483 1092 2515 me
1116 2470 1302 2527 petant:
1334 2482 1410 2514 me
1433 2468 1556 2514 hom.
1584 2484 1684 2515 esse
1707 2484 1766 2514 m.
1786 2483 1823 2513 c.

128 2525 326 2585 Madvig
363 2525 469 2570 iura
506 2538 640 2584 reges
679 2530 921 2575 nationum
960 2531 1128 2587 petant
1159 2542 1188 2574 a
1217 2541 1311 2573 met
1351 2528 1589 2575 hominem
1621 2542 1720 2575 esse
1751 2541 1826 2574 me

124 2586 240 2631 tune
269 2600 331 2631 m.
357 2598 394 2631 c.
424 2584 560 2631 Gertz
597 2585 703 2632 iura
732 2602 867 2648 reges
898 2589 1133 2648 gregatim
1162 2588 1348 2646 petant:
1389 2590 1555 2645 (tum⁴?)
1595 2602 1669 2634 me
1700 2588 1824 2633 hom.

127 2657 229 2691 esse
259 2660 320 2691 m.
345 2658 383 2691 c.
408 2644 635 2691 Schultm
671 2647 778 2693 iura
815 2662 949 2707 reges
988 2650 1285 2695 externarum
1322 2648 1567 2695 nationum
1598 2648 1766 2705 petant
1796 2660 1826 2692 a

125 2717 222 2749 me:
278 2704 515 2751 hominem
565 2717 667 2751 esse
718 2708 923 2753 maxime
973 2706 1192 2767 cogitabo
1243 2708 1502 2765 sco-ipsserim
1553 2708 1570 2767 ΙΙ
1621 2706 1680 2751 16
1717 2719 1826 2751 con-

126 2763 404 2817 malutabor
943 2769 971 2814 ’t
998 2768 1105 2823 fort.
1137 2782 1182 2813 m
1226 2767 1274 2824 2)
1305 2769 1352 2813 A
1393 2767 1410 2829 Η
1451 2768 1508 2814 17
1549 2766 1829 2827 coniungelss

126 2823 256 2879 (eras.
281 2827 315 2869 2
344 2825 429 2871 litt.
476 2829 559 2870 ort.
583 2826 651 2881 re)
675 2825 721 2871 A
750 2826 768 2886 ΙΙ
827 2826 857 2872 8
888 2827 1095 2872 alienum
1124 2826 1341 2883 imponar
1363 2838 1392 2873 ς
1423 2827 1578 2873 aliena
1601 2826 1824 2883 inponam

125 2882 172 2927 A
200 2880 220 2942 ΙΙ
248 2881 310 2928 w
338 2883 389 2928 in
418 2897 523 2929 meo
552 2884 667 2942 volq.
701 2883 877 2946 inmelll
895 2887 942 2932 A
974 2889 1105 2944 (erae.
1136 2889 1168 2931 2
1197 2885 1301 2944 litt„
1330 2887 1437 2943 fort.
1463 2888 1531 2945 os)
1775 2896 1813 2973 7

215 2969 801 3009 Βωωοηιιῑιοὰᾙ
810 2983 972 3010 oooooo
1409 2979 1464 3021 15
1618 2958 1651 3002 Γ
1755 2977 1797 3041 ι(

2000 2079 2020 2195 sn

1982 2923 1994 2943 st

1838 2948 1878 3000 1,
1902 2944 1996 3003 *3:1-

1799 3028 1801 3030 .
1822 3039 1839 3049 ν’
1849 3011 1891 3034 ff
2005 3013 2028 3063 l<

1911 3089 1920 3106 ⁴.
2000 3085 2005 3106 Ι
