2028 3106
320 75 405 120 AD
439 72 796 121 GALLIONEM
824 72 907 117 DE
938 71 1086 117 VITA
1115 71 1321 118 BEATA
1353 71 1479 117 CAP.
1507 77 1548 119 5.
1574 79 1615 119 6.
1642 78 1667 118 7
1738 75 1846 130 201

150 201 355 252 statura
414 215 624 267 semper
683 195 779 249 ubi
840 194 1082 249 constitit
1133 212 1197 249 ac
1249 194 1428 249 sedem
1482 213 1634 249 suam
1687 194 1849 249 etiam

149 273 286 325 irata
330 274 384 325 et
432 271 718 325 infestante
756 270 975 323 fortuna
1010 269 1357 324 vindicatura
1433 288 1558 323 nam
1598 269 1743 340 quod
1782 269 1850 323 ad
1879 284 1908 324 4

148 347 480 430 voluptatem
529 345 783 415 pertinet,
830 345 960 398 licet
1007 343 1467 398 circumfundatur
1514 344 1750 414 undique
1797 347 1850 397 et

148 439 243 490 per
297 419 471 474 omnis
522 420 635 473 vias
684 418 877 471 influat
922 418 1267 487 animumque
1311 418 1691 473 blandimentis
1738 418 1849 471 suis

97 515 118 548 ο
148 494 313 548 leniat
359 494 569 563 aliaque
614 512 681 547 ex
724 492 843 546 aliis
882 492 1187 562 admoveat,
1232 492 1428 563 quibus
1467 496 1612 547 totos
1650 495 1850 564 partes-

150 587 254 637 que
291 569 465 622 nostri
503 567 778 621 sollicitet·
817 567 938 637 quis
976 567 1310 636 mortalium,
1347 567 1436 621 cui
1465 568 1638 621 ullum
1669 585 1851 637 super-

150 646 231 696 est
286 642 523 696 hominis
570 641 883 712 vestigium,
942 659 1038 711 per
1087 641 1228 695 diem
1273 644 1596 711 noctemque
1640 642 1851 696 titillari

148 716 279 770 velit
315 720 370 770 et
407 716 616 770 deserto
656 716 835 769 animo
875 715 1101 786 corpori
1128 734 1345 786 operam
1384 714 1545 770 dare?

296 789 390 844 VL
454 789 587 844 ‘Sed
617 789 826 844 animus
858 789 1101 860 quoque'
1130 790 1309 860 inquit
1338 789 1669 861 voluptates
1691 790 1852 846 habe-
1883 803 1907 846 1

74 888 118 920 10
148 866 230 919 bit
279 865 438 920 suas?
519 865 714 919 habeat
762 882 888 919 sane
938 864 1224 934 sedeatque
1272 865 1515 919 luxuriae
1565 868 1619 920 et
1663 866 1851 937 volup-

147 940 341 994 tatium
379 940 598 1010 arbiter3
634 940 858 1010 impleat
896 957 952 993 se
991 939 1067 993 eis
1106 940 1381 1010 omnibus,
1419 958 1554 1010 quae
1585 940 1851 995 oblectare

148 1033 334 1068 sensus
367 1015 566 1084 solent,
604 1013 794 1068 deinde
831 1015 1120 1084 praeterita
1156 1015 1407 1085 respiciat
1437 1018 1491 1069 et
1521 1015 1852 1069 exoletarum

148 1089 508 1159 voluptatium
563 1107 769 1143 memor
821 1089 1025 1143 exultet
1073 1089 1342 1159 prioribus
1390 1089 1695 1160 futurisque
1742 1090 1852 1144 iam

148 1163 426 1217 immineat
465 1181 528 1217 ac
565 1181 687 1234 spes
718 1181 842 1218 suas
874 1163 1084 1217 ordinet
1114 1167 1192 1234 et,
1228 1163 1357 1218 dum
1389 1182 1584 1234 corpus
1614 1164 1674 1218 in
1703 1182 1853 1235 prae·

74 1259 117 1293 ιο
148 1238 288 1292 senti
326 1237 514 1309 sagina
550 1238 711 1307 iacet,
749 1237 1103 1309 cogitationes
1141 1238 1209 1291 ad
1246 1238 1485 1292 futuram
1519 1239 1852 1308 praemittat:

147 1312 253 1367 hoc
290 1312 426 1365 mihi
462 1311 731 1366 videbitur
768 1312 1035 1382 miserior,
1085 1313 1340 1383 quoniam
1378 1313 1522 1367 mala
1556 1331 1655 1383 pro
1693 1313 1851 1368 bom‘s

146 1388 322 1459 legere
353 1386 621 1441 dementia
650 1389 745 1441 est.
804 1404 906 1441 nec
943 1386 1058 1440 sine
1089 1387 1315 1442 sanitate
1347 1387 1633 1458 quisquam
1663 1387 1851 1443 beatus

147 1464 229 1515 est
276 1479 376 1516 nec
425 1479 607 1530 sanus,
658 1461 747 1515 cui
800 1461 1054 1515 obfutura
1097 1480 1196 1532 pro
1245 1462 1464 1532 optimis
1512 1461 1852 1532 adpetuntur.

147 1536 335 1589 beatus
374 1553 503 1607 ergo
542 1538 624 1590 est
660 1535 846 1590 iudicii
883 1538 1083 1606 rectus3
1121 1537 1309 1590 beatus
1348 1539 1431 1590 est
1467 1536 1854 1607 praesentibus,
1882 1549 1909 1590 2

70 1632 115 1666 ὀ
147 1610 559 1680 qualiacumque
608 1613 758 1680 sunt,
807 1613 1091 1665 contentus
1146 1611 1456 1681 amicusque
1508 1612 1666 1666 rebus
1717 1611 1852 1682 suis;

144 1685 331 1738 beatus
370 1687 452 1738 est
489 1685 559 1754 is,
598 1685 686 1739 cui
724 1702 938 1739 omnem
977 1685 1222 1740 habitum
1253 1704 1431 1740 rerum
1463 1702 1681 1740 suarum
1710 1686 1849 1741 ratio

145 1759 498 1813 commendat.

293 1831 414 1887 VH.
475 1832 677 1888 Vident
722 1837 776 1888 et
820 1834 879 1887 in
923 1834 1030 1888 iliis
1077 1834 1172 1904 qui
1217 1852 1488 1888 summum
1524 1834 1728 1888 bonum
1775 1834 1851 1889 di·
1883 1848 1907 1890 1

144 1911 360 1979 xerunt,
397 1926 559 1978 quam
597 1909 746 1980 turpi
775 1908 910 1963 illud
940 1909 1061 1964 loco
1086 1908 1379 1980 posuerint.
1438 1909 1622 1980 itaque
1650 1913 1851 1982 negant

71 2003 115 2038 25
145 2000 301 2053 posse
338 1983 673 2054 voluptatem
712 2003 745 2038 a
781 1983 979 2038 virtute
1018 1983 1198 2038 diduci
1232 1986 1287 2039 et
1316 1983 1468 2039 aiunt
1497 2002 1596 2039 nec
1625 1983 1850 2040 honeste

146 2076 468 2129 quemquam
507 2058 709 2129 vivere,
746 2062 808 2113 ut
845 2077 957 2113 non
994 2058 1224 2114 iucunde
1262 2058 1432 2130 vivat,
1467 2076 1567 2114 nec
1605 2058 1851 2131 iucunde,

293 2204 904 2263 MEpiewrifv-..mUs

293 2293 324 2339 8
361 2293 657 2340 uoluntatem
688 2295 735 2340 A
776 2309 892 2341 corr.
928 2296 1042 2355 voly.
1085 2296 1102 2356 ΙΙ
1142 2295 1173 2341 5
1203 2301 1309 2353 poet
1346 2297 1472 2342 totos
1498 2297 1630 2343 Koch
1661 2311 1745 2344 nos
1775 2298 1848 2343 in-

145 2354 313 2408 seruit3
341 2367 438 2399 non
459 2359 577 2412 puto
605 2356 925 2400 necessarium.
979 2355 1063 2411 cfr.
1097 2356 1157 2400 E.
1190 2356 1386 2403 Thomas
1420 2357 1580 2403 Herm.
1612 2357 1857 2403 XXVIII

139 2426 201 2517 e.
202 2388 426 2531 2⁸1'11...⁶
425 2413 778 2520 ..amm
802 2416 841 2534 ιι
865 2413 1566 2535 211.¹·3.z¹.‘.¹÷.¹5:0.22.00f.r..÷.
1593 2414 1849 2522 *fati-².

146 2473 498 2592 13⁷.meonss
542 2531 603 2578 21
646 2546 829 2578 omnem
872 2533 1089 2579 habitum
1131 2548 1187 2580 vo
1298 2536 1450 2581 omem
1490 2534 1761 2592 habitumq·
1802 2537 1848 2582 A

148 2592 368 2649 (omnem)
399 2591 717 2638 conditionem
749 2591 1060 2651 habitumque
1095 2535 1253 2653 Ραιιῗῃ
1294 2594 1505 2640 ordinem
1535 2593 1847 2653 habitumque

146 2650 395 2707 Schulm,
438 2651 519 2697 sed
563 2664 748 2698 omnem
793 2653 946 2699 abesse
990 2666 1085 2699 non
1125 2667 1258 2711 posse
1301 2659 1418 2700 recte
1462 2660 1612 2700 monet
1660 2653 1796 2701 Gertz
1832 2654 1849 2715 ΙΙ

146 2708 208 2755 28
235 2709 400 2756 vident
437 2711 551 2770 volq.
581 2711 718 2757 uidet
746 2712 793 2758 A
841 2714 846 2771 Ι
892 2712 942 2757 in
984 2712 1080 2758 iliis
1122 2712 1259 2759 Gertz
1291 2719 1544 2771 praeewnte
1589 2714 1847 2773 Μαᾱυίρίο,

146 2769 726 2829 quiinhillissoripser
726 2777 797 2828 at,
834 2772 1112 2843 quodprop
1114 2773 1659 2820 terPlinhwnatXI

147 2829 420 2875 mutandum
456 2831 548 2876 vid.
579 2785 726 2877 inillis
758 2832 804 2877 A
849 2833 855 2892 Ι
902 2831 1123 2878 dixerunt
1152 2843 1180 2877 ς
1211 2831 1415 2879 dixerint
1442 2835 1488 2879 A
1532 2834 1550 2894 11
1594 2832 1654 2879 25
1718 2833 1846 2880 iduci

148 2889 408 2936 Pincianus
437 2889 608 2936 deduci
631 2892 677 2937 A
