2028 3106
402 93 487 138 AD
518 91 876 138 GALLIONEM
906 91 987 135 DE
1018 90 1168 136 VITA
1197 90 1403 135 BEATA
1434 89 1561 134 CAP.
1588 94 1645 134 28
1763 90 1869 144 231

173 216 295 260 hunc
332 215 453 259 enim
491 213 661 258 librum
694 213 814 257 inter
844 211 1049 269 dialoyos
1079 211 1135 255 de
1164 211 1262 255 vita
1291 210 1424 254 beata
1454 215 1495 254 et
1525 210 1580 254 de
1611 207 1874 265 tranquilli-

173 280 265 320 tate
303 275 453 319 animi
489 274 598 318 olim
635 274 834 317 extitisse
863 271 933 316 vel
965 285 1022 316 ex
1050 271 1203 315 indice
1233 270 1452 314 librorum
1483 270 1629 314 codici
1659 269 1706 313 A
1738 281 1873 324 prae-

172 336 267 391 fixo
309 338 514 390 apparet.
577 332 768 386 scilicet,
810 337 864 375 ut
901 331 1090 375 Fickert
1125 331 1386 386 suspicatus
1423 334 1506 383 est,
1544 330 1596 373 in
1632 342 1681 373 eo
1711 327 1874 382 codice,

174 407 232 438 ex
261 407 349 450 quo
379 394 426 438 A
457 393 712 448 descriptus
745 396 830 446 est,
861 404 984 434 imus
1012 390 1230 444 foliorum
1260 390 1498 445 quaternio
1529 393 1613 432 aut
1641 388 1732 432 duo
1763 401 1873 444 qua-

174 454 397 498 ternionis
440 452 559 506 folia
602 453 788 495 interna
830 455 873 495 et
913 451 1034 494 inter
1072 463 1119 494 se
1161 448 1446 493 cohaerentia
1490 447 1776 500 exciderant,
1822 447 1874 490 in

175 513 338 569 quibus
379 512 490 556 libri
534 511 590 556 de
633 511 711 556 vit.
750 510 788 554 b.
821 523 940 566 pars
984 514 1184 555 extrema
1226 513 1269 552 et
1309 508 1418 552 libri
1453 508 1513 552 de
1555 508 1646 552 otio
1687 506 1875 551 initium

172 573 347 628 scripta
384 575 526 615 erant.
589 571 633 615 si
668 583 772 615 vero
803 569 998 626 Lipsius
1033 574 1149 614 recte
1186 567 1412 612 iudicavit
1440 581 1497 612 ne
1527 567 1665 611 huius
1695 564 1875 622 quidem

173 632 351 688 dialoqi
387 630 442 675 de
479 630 570 674 otio
601 631 771 674 exitum
801 634 1027 673 servatum
1059 641 1172 682 esse,
1204 628 1306 683 lieri
1336 640 1430 671 no‘n
1451 631 1601 683 potest
1630 627 1744 682 quiri
1773 638 1875 669 cum

177 691 360 736 Gertzio
391 690 586 734 alterum
615 689 781 744 folium
811 688 921 732 libri
953 687 1061 732 VII.
1110 692 1356 732 extre-mam
1380 688 1668 743 primamque
1698 684 1727 728 l.
1751 684 1882 729 VIII

165 755 348 807 partem
384 750 663 794 continuisse
694 753 929 805 putemus,
960 748 1154 792 alterum
1183 759 1286 791 vero
1316 760 1418 790 cum
1448 758 1497 790 eo
1528 745 1770 790 cohaerens
1799 756 1875 788 ex-

174 816 362 854 tremam
403 809 512 853 libri
551 809 680 853 VIII
710 813 905 865 partem.
967 812 1160 852 ceterum
1197 820 1291 851 non
1328 807 1397 850 ita
1435 805 1582 850 multa
1616 819 1647 848 a
1676 803 1787 848 dial.
1820 802 1876 847 de

173 870 265 914 otio
311 869 462 913 abesse
507 868 701 925 Lipsius
745 868 815 913 vel
855 866 964 911 inde
1006 867 1202 924 collegit,
1249 866 1370 923 quod
1411 865 1669 923 aryume‘nti
1710 863 1876 908 divisio

174 931 353 987 inteyra
382 929 544 974 relicta
576 934 651 973 est.
