2034 3086
226 46 332 99 130
557 42 606 86 L.
634 9 869 86 ANNAEI
901 41 1175 88 SENECAE
1206 42 1501 89 DIAL.L1B.
1529 43 1583 88 v,

163 181 188 219 2
219 183 362 219 novo
402 182 593 235 genere
631 182 833 234 poenae
872 163 1164 217 delectatus
1212 168 1305 218 est.
1383 166 1490 218 tale
1536 165 1741 235 aliquid
1778 167 1921 235 passi

221 240 400 292 forent
431 241 485 292 et
514 236 834 308 Aethiopes,
872 238 966 308 qui
1006 239 1074 291 ob
1105 239 1483 310 longissimum
1514 241 1656 294 vitae
1689 241 1922 310 spatium

220 312 526 367 Macrobioe
565 314 925 382 appellantur3
962 313 1020 365 in
1057 313 1158 366 hos
1198 315 1364 383 enim,
1403 315 1530 384 quia
1565 333 1677 368 non
1717 315 1922 384 supinis

221 388 468 441 manibus
500 390 818 457 exceperant
856 386 1167 442 servitutem
1206 389 1489 458 missisque
1525 390 1719 461 legatis
1756 390 1924 442 libera

221 481 477 532 responsa
527 462 802 531 dederant,
868 480 1003 531 quae
1057 464 1446 517 contumeliosa
1508 483 1659 535 reges
1713 467 1924 533 vocant,

223 536 511 607 Cambyses
549 537 811 591 fremebat
849 540 903 590 et
938 555 1050 590 non
1087 538 1317 607 provisis
1357 539 1766 608 commeatibuS,
1812 557 1924 592 non

222 612 513 683 exploratis
563 612 843 666 itineribus
855 653 871 681 ‚
915 630 1012 682 per
1060 612 1229 681 invia,
1281 631 1378 683 per
1427 614 1630 666 arentia
1678 614 1924 668 trahebat

223 706 435 741 omnem
481 687 624 740 bello
663 687 851 740 utilem
906 687 1133 740 turbam.
1211 688 1299 741 cui
1347 687 1490 741 intra
1538 687 1771 757 primum
1822 689 1923 742 iter

222 763 441 816 deerant
469 762 790 830 necessaria,
817 779 925 815 *nec
965 761 1254 830 quicquam
1294 762 1736 816 subministrabat
1775 764 1923 817 steri-

219 837 289 890 lis
321 839 376 890 et
406 837 611 890 inculta
639 836 982 906 humanoque
1013 835 1200 907 ignota
1229 837 1458 908 vestigio
1490 837 1664 907 regio:
1701 838 1924 891 sustine-

221 911 353 964 bant
382 910 580 963 famem
611 911 787 979 primo
819 911 1108 964 tenerrima
1137 910 1410 964 frondium
1443 914 1497 964 et
1535 910 1812 965 cacumina
1846 931 1924 965 ar-

221 985 440 1053 borum,
488 987 605 1037 tum
646 985 790 1038 coria
828 986 953 1056 igne
992 985 1204 1038 mollita
1243 989 1297 1039 et
1336 985 1598 1056 quidquid
1635 986 1923 1039 necessitas

223 1059 403 1112 cibum
434 1058 655 1128 fecerat3
697 1062 984 1129 postquam
1025 1060 1164 1112 inter
1202 1061 1426 1114 harenas
1465 1060 1670 1114 radices
1711 1078 1924 1130 quoque

224 1135 278 1185 et
324 1131 521 1186 herbae
571 1134 874 1187 defecerant
924 1135 1277 1204 apparuitque
1327 1136 1484 1204 inops
1525 1135 1686 1188 etiam
1727 1135 1924 1187 anima-

221 1205 357 1260 lium
416 1208 648 1260 solitudo
662 1250 676 1276 ,
735 1208 1003 1262 decimum
1056 1226 1320 1278 quemque
1376 1209 1553 1263 sortiti
1607 1209 1924 1262 alimentum

221 1281 526 1335 habuerunt
555 1281 696 1335 fame
728 1283 950 1336 saevius.
1014 1278 1206 1353 agebat
1236 1283 1411 1337 adhuc
1449 1301 1629 1354 regem
1661 1284 1741 1337 ira
1778 1302 1927 1353 prae·

222 1357 467 1426 cipitem,
506 1373 629 1409 cum
667 1360 875 1425 partem
915 1358 1178 1411 exercitus
1218 1359 1506 1424 amisisset,
1545 1362 1751 1428 partem
1785 1377 1927 1413 com-

223 1432 444 1500 edisset,
506 1430 675 1484 donec
723 1432 933 1499 timuit,
990 1450 1057 1484 ne
1104 1435 1159 1485 et
1202 1433 1317 1502 ipse
1367 1437 1649 1487 vocaretur
1696 1434 1762 1486 ad
1817 1453 1926 1487 sor-

222 1510 354 1560 tem:
393 1509 510 1559 tum
552 1505 766 1558 demum
807 1507 1022 1577 signum
1059 1509 1299 1576 receptui
1339 1508 1496 1561 dedit.
1533 1563 1537 1569 ,
1576 1509 1926 1562 servabantur

222 1581 436 1634 interim
470 1597 756 1652 generosae
787 1579 869 1633 illi
900 1598 1023 1633 aves
1063 1583 1116 1633 et
1146 1582 1501 1635 instrumenta
1531 1583 1810 1652 epularum
1843 1601 1924 1635 ca-

223 1655 376 1707 melis
430 1655 783 1722 vehebantur,
841 1672 963 1708 cum
1012 1655 1329 1709 sortirentur
1374 1657 1574 1710 milites
1614 1656 1750 1725 81118,
1803 1657 1923 1726 quis

224 1729 363 1782 male
402 1730 622 1799 periret,
662 1729 781 1798 quis
796 1729 972 1798 ‘peius
1011 1730 1226 1782 viveret.

373 1801 515 1856 XXI.
576 1803 683 1858 Hic
729 1804 897 1856 iratus
944 1803 1050 1856 fuit
1087 1803 1236 1874 genti
1274 1807 1329 1857 et
1365 1805 1582 1876 ignotae
1621 1807 1675 1857 et
1713 1804 1925 1858 inmeri-

224 1881 336 1946 tae,
384 1894 631 1931 sensurae
678 1882 882 1932 tamen:
930 1875 1098 1947 Cyrus
1138 1878 1362 1931 flumini.
1438 1896 1565 1931 nam
1597 1897 1719 1933 cum
1750 1878 1924 1950 Baby-

222 1954 352 2006 lona
390 1956 797 2022 oppugnaturus
837 1953 1116 2007 festinaret
1148 1953 1214 2004 ad
1243 1953 1468 2021 bellum,
1509 1954 1659 2007 cuius
1691 1955 1925 2007 maxima

225 2029 498 2080 momenta
529 2026 586 2078 in
618 2027 985 2080 occasionibus
1019 2029 1172 2096 sunt,
1211 2024 1435 2095 Gynden
1463 2027 1571 2080 late
1603 2028 1783 2082 fusum
1815 2048 1925 2082 am-

224 2119 348 2155 nem
370 2100 509 2153 vado
533 2100 759 2154 transire
789 2102 1096 2172 temptavit,
1130 2101 1273 2170 quod
1296 2101 1388 2154 vix
1418 2104 1597 2156 tutum
1629 2106 1732 2173 est,
1762 2104 1924 2156 etiam

226 2194 348 2229 cum
389 2174 556 2229 sensit
595 2177 849 2228 aestatem
888 2180 942 2230 et
981 2177 1048 2229 ad
1086 2176 1371 2229 minimum
1404 2176 1660 2231 deductus
1701 2181 1793 2232 est.
1848 2177 1925 2230 ibi

225 2269 364 2303 unus
396 2269 462 2303 ex
491 2250 557 2303 iis
590 2250 739 2319 equis
747 2291 762 2318 ,
803 2250 895 2318 qui
924 2252 1134 2304 trahere
1164 2251 1373 2321 regium
1405 2268 1619 2305 currum
1652 2253 1760 2305 albi
1792 2251 1925 2305 sole-

224 2324 377 2392 bant,
408 2325 658 2393 abreptus
682 2323 1022 2377 vehementer
1053 2325 1347 2379 commovit
1376 2335 1578 2396 regem,
1609 2326 1805 2379 iuravit
1828 2326 1924 2377 ita-

375 2439 405 2484 2
435 2440 589 2484 forent
620 2442 668 2485 et
697 2441 954 2498 Aethiopes
987 2441 1124 2486 Gertz
1164 2441 1320 2487 forent
1350 2441 1389 2485 ἃ,
1418 2442 1604 2500 thiopes
1642 2448 1695 2487 ut
1731 2441 1823 2486 vid.
1855 2439 1925 2485 A¹

226 2499 619 2560 forentssethiopes
650 2501 720 2546 A⁶
750 2502 829 2559 (L)
871 2500 888 2560 ΙΙ
931 2499 962 2545 3
998 2501 1266 2547 Macrobioe
1310 2501 1447 2547 Gertz
1487 2516 1593 2547 mac
1635 2500 1843 2559 roAbide
1878 2500 1925 2544 A

226 2558 497 2605 macrobide
529 2560 574 2604 L
603 2560 834 2605 Macrobii
864 2561 978 2619 voly.
1010 2559 1027 2620 ΙΙ
1063 2560 1123 2605 14
1153 2561 1425 2607 defecerunt
1459 2561 1615 2618 Gertz,
1645 2574 1740 2606 non
1771 2560 1880 2604 bene
1908 2559 1926 2619 ΙΙ

226 2620 286 2665 20
308 2619 495 2665 illiaues
520 2619 588 2674 A,
611 2620 740 2664 unde
755 2620 826 2665 Α2
855 2620 955 2665 illic
988 2633 1098 2665 oues
1131 2622 1302 2677 effecit5
1331 2622 1502 2668 scilicet
1531 2636 1561 2667 a
1584 2620 1748 2679 paullo
1778 2619 1923 2676 myle-

226 2681 406 2738 9entius
435 2679 609 2735 scripta
637 2681 827 2735 speciem
855 2681 950 2735 fere
981 2681 1237 2726 litterarum
1269 2695 1322 2726 co
1347 2682 1599 2738 praebebat
1619 2682 1671 2725 in
1692 2679 1924 2735 scriptura

228 2739 585 2798 Lanyobardica
614 2737 631 2797 ΙΙ
660 2737 719 2782 22
748 2739 883 2795 peius
906 2741 953 2785 A
984 2741 1033 2798 (p
1059 2754 1115 2785 ex
1138 2753 1159 2783 8
1183 2743 1316 2799 corr.)
1345 2741 1361 2801 Η
1390 2741 1450 2785 26
1477 2740 1689 2798 Gyndem
1714 2738 1925 2784 Erasm.²

229 2800 328 2902 coclzl.
353 2799 572 2914 {Ierodoa
605 2799 638 2842 1
667 2801 755 2843 189
791 2812 962 2856 gygem
993 2801 1039 2845 A
1077 2813 1279 2858 gangem
1307 2802 1352 2846 L
1392 2800 1410 2861 ΙΙ
1450 2800 1509 2846 29
1548 2798 1689 2844 alslbi
1713 2798 1758 2843 A
1791 2799 1921 2856 (eras.

228 2873 274 2903 m
310 2893 319 2902 .
352 2873 369 2901 1

1955 855 1998 888 10

1956 1224 1998 1258 15

1956 1600 2000 1634 20

1956 1971 1998 2004 25

1955 2341 1998 2374 30
