2028 3106
202 78 204 82 ’
237 68 346 122 302
576 67 626 112 L.
651 66 888 111 ANNAEI
918 64 1194 112 SENECAE
1226 66 1383 113 DIAL.
1409 67 1520 112 LIB.
1546 65 1603 111 X.

236 188 471 243 amicitia
509 189 777 258 capitalis,
815 189 1018 242 nullius
1059 191 1372 257 sumptuosa
1410 189 1728 242 observatio.
1800 191 1936 245 feres

236 281 304 316 ex
338 263 470 333 illis,
510 263 772 334 quidquid
803 263 976 331 voles3
1014 280 1110 331 per
1140 263 1262 316 illos
1294 281 1404 316 non
1436 264 1619 333 stabit,
1653 266 1936 332 quominus

235 339 527 408 plurimum
561 341 843 408 quantum,
882 353 999 391 cum
1034 338 1293 406 coeperis,
1323 337 1553 392 haurias.
1617 356 1753 407 quae
1785 340 1936 394 illum

235 413 485 482 felicitae,
518 431 680 482 quam
711 410 939 481 pulchra
970 415 1212 465 senectus
1240 415 1441 481 manet,
1467 414 1560 482 qui
1585 432 1640 467 se
1665 414 1722 466 in
1745 413 1937 468 horum

235 488 538 542 clientelam
585 486 836 540 contulit!
913 485 1155 555 habebit,
1201 505 1323 540 cum
1366 487 1559 556 quibus
1599 487 1664 541 de
1702 487 1937 542 minimis

234 562 589 630 maximisque
619 561 778 614 rebus
811 559 1088 629 deliberet,
1121 578 1253 631 quos
1286 562 1350 615 de
1379 580 1434 615 se
1460 562 1654 616 cotidie
1679 563 1938 632 consulat,

234 656 267 690 a
305 635 500 706 quibus
540 635 724 688 audiat
760 653 946 689 verum
986 635 1100 689 sine
1139 636 1486 705 contumelia,
1530 637 1778 690 laudetur
1825 637 1939 691 sine

235 711 565 779 adulatione,
603 709 671 763 ad
710 727 939 779 quorum
972 727 1029 763 se
1061 709 1466 765 similitudinem
1499 710 1734 783 effingat.
1805 712 1939 765 sole-

234 804 353 839 mus
393 785 567 839 dicere
600 802 713 838 non
743 785 908 839 fuisse
939 784 997 837 in
1027 788 1210 839 nostra
1240 788 1528 855 potestate,
1561 804 1694 854 quos
1728 786 1939 840 sortire-

235 879 356 914 mur
405 862 674 930 parentes,
724 860 865 914 forte
914 859 1221 915 hominibus
1273 860 1449 914 datos:
1509 861 1664 915 nobis
1704 880 1830 915 vero
1872 861 1939 915 ad

233 938 478 989 nostrum
517 935 798 989 arbitrium
836 934 986 988 nasci
1022 935 1161 988 licet.
1239 934 1698 989 nobilissimorum
1735 936 1939 1008 ingeni-

234 1028 389 1064 orum
427 1010 663 1064 familiae
703 1013 849 1064 sunt:
900 1009 1039 1080 elige
1078 1010 1135 1063 in
1173 1028 1334 1080 quam
1373 1009 1598 1064 adscisci
1635 1011 1790 1081 velis3
1828 1029 1940 1065 non

215 1085 292 1138 ·in
328 1103 526 1139 nomen
561 1088 774 1139 tantum
813 1083 1174 1154 adoptabcris,
1221 1085 1314 1139 sed
1351 1085 1409 1137 in
1447 1085 1565 1154 ipsa
1601 1085 1765 1155 bona,
1804 1104 1938 1156 quae

233 1178 344 1214 non
397 1162 554 1214 erunt
607 1159 819 1214 sordide
871 1177 971 1212 nec
1025 1159 1257 1231 maligne
1312 1159 1682 1214 custodienda:
1735 1162 1939 1215 maiora

234 1235 385 1304 fient,
438 1253 544 1305 quo
595 1235 691 1288 illa
739 1234 987 1305 pluribus
1038 1233 1294 1288 diviseris,
1371 1234 1429 1287 hi
1475 1233 1578 1287 tibi
1624 1234 1826 1288 dabunt
1871 1235 1939 1289 ad

234 1310 603 1364 aeternitatem
654 1309 756 1362 iter
802 1312 856 1362 et
894 1311 947 1362 te
986 1308 1043 1361 in
1080 1309 1234 1363 iUum
1272 1310 1476 1378 locum,
1527 1327 1594 1362 ex
1632 1327 1739 1378 quo
1779 1328 1936 1364 nemo

234 1383 480 1453 deicitur,
521 1383 889 1437 sublevabunt.
963 1382 1096 1438 haec
1133 1403 1241 1437 una
1278 1383 1416 1437 ratio
1457 1386 1539 1437 est
1577 1383 1939 1438 extendendae

234 1459 600 1527 mortalitatis,
651 1459 817 1511 immo
867 1459 928 1512 in
973 1458 1432 1513 immortalitatem
1471 1458 1767 1512 vertendae.
1845 1459 1939 1512 ho·

232 1552 414 1603 110100,
451 1534 803 1603 monimenta,
843 1533 1106 1604 quidquid
1144 1537 1238 1588 aut
1269 1533 1494 1588 decretis
1527 1533 1750 1587 ambitio
1783 1533 1940 1588 iussit

233 1611 327 1662 aut
365 1609 615 1679 operibus
655 1609 913 1678 extruxit,
962 1608 1069 1662 cito
1111 1609 1409 1678 subruitur,
1449 1607 1589 1662 nihil
1625 1626 1736 1662 non
1773 1609 1938 1680 longa

234 1683 521 1737 demolitur
565 1686 803 1737 vetustas
850 1686 904 1737 et
950 1687 1152 1754 movet3
1202 1687 1258 1738 at
1296 1684 1384 1753 iis,
1432 1701 1567 1753 quae
1607 1684 1939 1738 consecravit

233 1758 514 1828 sapientia,
545 1777 738 1813 nocere
767 1777 880 1812 non
910 1761 1112 1828 potest3
1142 1759 1293 1813 nulla
1323 1758 1560 1814 abolebit
1590 1761 1758 1827 aetas,
1787 1759 1938 1812 nulla

233 1833 527 1903 deminuet3
577 1851 803 1903 sequens
855 1851 918 1887 ac
968 1833 1156 1887 deinde
1206 1851 1415 1904 semper
1463 1833 1686 1887 ulterior
1731 1833 1937 1903 aliquid

233 1908 300 1962 ad
348 1909 747 1963 venerationem
798 1907 1059 1977 conferet,
1107 1909 1360 1978 quoniam
1407 1907 1624 1978 quidem
1663 1908 1720 1961 in
1757 1908 1936 1963 vicino

136 2012 143 2042 χ
184 1987 187 1990 ’
232 1986 474 2037 versatur
540 1983 766 2053 invidia,
835 1982 1133 2053 simplicius
1200 1984 1363 2055 longe
1427 1983 1606 2053 posita
1666 1983 1935 2036 miramur.

234 2057 488 2127 sapientis
528 2076 655 2130 ergo
695 2058 930 2112 multum
968 2060 1119 2128 patet
1155 2058 1288 2128 vita,
1326 2076 1438 2112 non
1476 2057 1617 2111 idem
1656 2058 1811 2111 illum
1845 2058 1938 2128 qui

33 2156 40 2169 τ
131 2117 152 2136 ”’
233 2135 437 2187 ceteros
475 2134 735 2187 terminus
775 2133 966 2188 cludit:
1022 2133 1167 2187 solus
1214 2133 1424 2205 generis
1465 2131 1690 2186 humani
1726 2132 1936 2205 legibus

234 2207 483 2278 solvitur,
537 2209 718 2262 omnia
766 2209 849 2263 illi
899 2208 1112 2262 saecula
1159 2210 1222 2262 ut
1266 2208 1364 2263 deo
1414 2207 1665 2263 serviunt.
1743 2210 1938 2262 transit

382 2354 410 2400 1
435 2355 696 2412 suspiciosa
722 2357 839 2401 coni.
863 2356 1095 2402 Erasmus
1123 2355 1140 2416 ΙΙ
1169 2355 1199 2401 3
1221 2355 1477 2413 plurimum
1501 2356 1731 2413 quantum
1756 2355 1934 2415 ceperis

233 2415 280 2460 A
310 2428 426 2461 corr.
448 2415 622 2461 Vahlen
656 2417 887 2472 quantum
917 2415 1174 2473 plurimum
1206 2416 1408 2474 cupieris
1433 2416 1596 2461 Muret
1629 2416 1634 2474 Ι
1670 2414 1758 2459 illu
1781 2417 1827 2461 A
1857 2415 1936 2461 sed

232 2477 266 2519 fi
296 2489 352 2520 ex
380 2488 494 2521 corr.
533 2474 550 2535 ΙΙ
594 2475 618 2521 7
652 2488 682 2519 a
706 2489 866 2533 praep.
898 2477 951 2521 in
980 2477 1082 2534 ipso
1111 2490 1242 2521 versu
1271 2476 1380 2521 add.
1405 2475 1476 2521 A¹
1515 2475 1533 2535 ΙΙ
1574 2475 1634 2521 10
1666 2474 1934 2520 110111111111110

1992 507 2011 540 5

1971 880 2013 911 10

1971 1252 2012 1285 15

1968 1626 2011 1659 20

1968 1998 2010 2032 25

231 2535 399 2592 scripsi
426 2533 563 2580 nobis
594 2535 641 2580 A
676 2534 812 2580 nobis
845 2535 1001 2581 datos:
1041 2534 1342 2581 nascentibus
1373 2549 1481 2581 vero
1522 2536 1570 2594 (i.
1597 2549 1632 2581 e.
1666 2535 1728 2579 ad
1758 2538 1934 2591 verum)
2026 2542 2028 2544 ’

232 2594 459 2640 Schultess
499 2594 520 2665 Η
564 2594 621 2640 11
664 2595 960 2653 ingeniorum
1002 2610 1037 2641 s.
1068 2611 1109 2642 v.
1142 2596 1250 2641 add.
1285 2595 1356 2642 Α*
1394 2595 1411 2655 [Ι
1456 2594 1516 2640 15
1558 2594 1801 2652 apluribus
1835 2597 1882 2641 A
1920 2596 1936 2654 ΙΙ

235 2653 293 2699 18
322 2654 628 2700 mortahtatis
660 2655 803 2700 immo
827 2655 898 2701 A'
926 2655 1352 2700 mortalitatissimo
1383 2655 1454 2701 A¹
1500 2655 1505 2715 Ι
1552 2655 1604 2700 111
1637 2656 1743 2701 add.
1775 2656 1887 2714 voly.
1919 2662 1939 2707 Η

233 2713 291 2759 21
307 2716 467 2759 11101101
478 2715 525 2760 A
540 2714 725 2761 mordet
736 2716 801 2760 M
797 2716 937 2774 adviy
953 2715 1159 2761 dimovet
1168 2716 1433 2774 Wesenberg
1449 2717 1636 2761 amovet
1647 2717 1702 2761 P.
1711 2716 1906 2761 Thmnas
1919 2715 1937 2774 ΙΙ

233 2773 293 2819 22
321 2787 490 2820 nocere
513 2775 560 2820 A
591 2776 704 2833 (scil.
728 2776 957 2833 vetustas)
987 2775 1147 2821 noceri
1176 2777 1290 2834 voly.
1332 2775 1338 2834 Ι
1374 2775 1435 2821 24
1466 2774 1676 2821 conferet
1696 2785 1726 2820 ς
1756 2774 1938 2820 confert

234 2834 280 2880 A
310 2833 327 2894 ΙΙ
355 2833 413 2880 27
444 2833 629 2892 legibus
659 2836 773 2894 volq.
806 2834 981 2880 lesibus
1005 2836 1052 2880 A
1077 2835 1098 2904 Η
1126 2835 1186 2881 28
1216 2837 1271 2880 111
1335 2848 1389 2880 eo
1420 2850 1476 2882 ex
1504 2835 1645 2881 uideo
1676 2848 1789 2882 corr.
1814 2836 1867 2882 in
1890 2835 1936 2880 A

234 2908 292 2940 m.
315 2895 536 2942 recentior
570 2895 575 2954 Ι
609 2895 782 2940 transit
807 2894 875 2941 Αι
905 2895 1115 2941 transilit
1145 2896 1206 2941 al.
1230 2910 1288 2941 m.
1313 2909 1428 2943 corr.
