2028 3106
270 120 376 174 276
595 118 645 161 L.
670 117 906 161 ANNAEI
937 115 1208 162 SENECAE
1240 116 1397 161 DIAL.
1423 117 1534 166 121ss.
1558 117 1634 162 IX.

268 238 547 293 retinenda
599 256 749 292 mens
805 241 910 306 est,
970 238 1063 291 sed
1115 237 1182 291 ad
1234 237 1382 292 iocos
1437 238 1755 292 devocanda.
1840 257 1962 293 cum

269 309 507 382 puerulis
539 310 784 367 Socrates
822 312 1006 366 ludere
1043 330 1154 365 non
1185 312 1552 382 erubescebat,
1589 316 1643 366 et
1674 311 1805 367 Cato
1837 314 1962 367 vino

269 388 488 442 laxabat
541 387 780 440 animum
834 386 974 440 curis
1027 386 1257 456 publicis
1310 386 1621 458 fatigatum,
1674 390 1728 440 et
1782 385 1962 458 Scipio

268 462 592 532 triumphale
622 461 756 515 illud
782 479 843 515 ac
866 460 1095 514 militare
1119 478 1312 531 corpus
1336 461 1587 515 movebat
1610 461 1677 515 ad
1698 480 1966 532 numeros,

267 555 379 590 non
431 536 666 589 molliter
719 554 775 589 se
829 535 1149 606 infringens,
1200 539 1263 588 ut
1314 554 1458 590 nunc
1506 554 1622 590 mos
1673 539 1754 589 est
1802 536 1964 589 etiam

269 612 478 665 incessu
516 611 635 680 ipso
675 611 818 663 ultra
854 610 1167 663 muliebrem
1205 609 1490 663 mollitiam
1521 610 1832 680 fluentibus,
1872 610 1965 664 sed

269 687 330 738 ut
369 685 579 754 antiqui
618 685 700 738 illi
737 684 839 738 viri
878 683 1122 738 solebant
1166 683 1307 738 inter
1342 685 1521 738 lusum
1561 702 1623 739 ac
1660 685 1797 739 festa
1833 687 1964 738 tem-

267 777 400 828 pora
444 759 654 813 virilem
700 760 758 812 in
803 759 1022 813 modum
1067 758 1385 828 tripudiare,
1428 777 1540 812 non
1576 760 1770 814 facturi
1808 759 1966 813 detri-

268 837 534 903 mentum,
564 834 725 888 etiam
758 834 805 887 si
836 834 902 887 ab
933 833 1176 887 hostibus
1209 832 1319 886 suis
1351 837 1732 902 spectarentur.
1794 833 1967 888 danda

269 912 350 962 est
373 908 845 962 animisremissio:
869 908 1115 961 meliores
1139 907 1475 976 acrioresque
1490 908 1718 977 requieti
1733 911 1966 979 surgent.

269 985 331 1036 ut
375 982 644 1037 fertilibus
691 982 833 1054 agris
879 1001 990 1036 non
1037 986 1118 1036 est
1156 982 1525 1052 imperandum
1565 1013 1636 1021 —·
1676 983 1784 1036 cito
1824 983 1966 1037 enim

269 1057 392 1111 illos
441 1057 718 1111 exhauriet
756 1075 1051 1127 numquam
1089 1057 1392 1111 intermissa
1429 1056 1726 1111 fecunditas
1768 1088 1854 1127 —,
1892 1058 1967 1111 ita

270 1131 571 1185 animorum
618 1132 851 1202 impetus
898 1131 1151 1185 adsiduus
1189 1132 1343 1186 labor
1379 1131 1611 1202 franget,
1662 1130 1801 1184 vires
1838 1131 1968 1185 reci-

270 1206 421 1276 pient
451 1207 672 1275 paulum
703 1206 928 1260 resoluti
959 1209 1013 1260 et
1041 1206 1273 1276 remissi3
1303 1207 1541 1261 nascitur
1570 1224 1636 1260 ex
1659 1205 1968 1260 assiduitate

211 1295 236 1334 6
269 1281 516 1334 laborum
556 1281 855 1334 animorum
891 1281 1161 1334 hebetatio
1195 1281 1454 1350 quaedam
1486 1284 1540 1335 et
1568 1281 1810 1352 languor.
1870 1298 1969 1334 nec

270 1355 336 1408 ad
360 1354 465 1408 hoc
487 1358 638 1408 tanta
659 1354 940 1407 hominum
966 1354 1230 1423 cupiditas
1254 1355 1512 1425 tenderet,
1541 1355 1646 1409 nisi
1669 1355 1968 1408 naturalem

271 1428 539 1499 quandam
586 1429 914 1498 voluptatem
965 1427 1186 1482 haberet
1221 1430 1373 1482 lusus
1412 1429 1691 1500 iocusque3
1741 1447 1968 1499 quorum

269 1504 519 1573 frequens
580 1521 709 1557 usus
765 1521 922 1557 omne
976 1503 1167 1557 animis
1221 1503 1432 1573 pondus
1487 1522 1807 1573 omnemque
1859 1503 1968 1557 vim

270 1578 481 1648 eripiet:
518 1597 644 1632 nam
684 1580 737 1631 et
768 1596 987 1631 somnus
1018 1578 1297 1632 refectioni
1326 1578 1654 1632 necessarius
1686 1581 1790 1647 est,
1825 1577 1970 1632 hunc

268 1657 449 1706 tamen
502 1653 548 1706 si
597 1671 694 1723 per
743 1652 883 1706 diem
934 1655 1252 1722 noctemque
1307 1653 1610 1722 continues,
1659 1670 1804 1706 mors
1855 1652 1956 1706 erit

213 1742 237 1781 ’1
271 1728 503 1781 multum
553 1727 797 1796 interest,
845 1727 1086 1781 remittas
1139 1727 1343 1797 aliquid
1393 1746 1462 1781 an
1511 1728 1701 1782 solvas.
1788 1727 1970 1798 legum

272 1802 574 1856 conditores
623 1801 789 1855 festos
844 1801 1192 1856 instituerunt
1241 1802 1377 1870 dies,
1428 1804 1491 1855 ut
1535 1802 1601 1855 ad
1646 1801 1971 1855 hilaritatem

271 1877 516 1930 homines
583 1876 797 1946 publice
866 1880 1203 1948 cogerentur,
1271 1880 1547 1946 tamquam
1614 1875 1970 1930 necessarium

271 1951 545 2004 laboribus
584 1951 982 2021 interponentes
1022 1954 1525 2021 temperamentum3
1570 1956 1624 2005 et
1661 1951 1867 2022 magni,
1910 1954 1972 2004 ut

273 2025 408 2094 dixi,
460 2025 562 2078 viri
601 2026 818 2095 quidam
872 2026 975 2079 sibi
1029 2029 1327 2080 menstruas
1383 2026 1540 2080 certis
1587 2026 1774 2079 diebus
1812 2025 1970 2078 ferias

275 2098 495 2169 dabant,
535 2099 751 2169 quidam
790 2101 1000 2154 nullum
1038 2119 1150 2154 non
1188 2100 1330 2154 diem
1361 2099 1502 2153 inter
1532 2099 1702 2153 otium
1733 2101 1787 2153 et
1817 2116 1970 2153 curas

274 2173 603 2228 dividebant:
642 2175 854 2244 qualem
894 2174 1192 2228 Pollionem
1231 2173 1482 2228 Asinium
1521 2177 1786 2228 oratorem
1825 2191 1971 2245 mag-

274 2267 404 2302 num
442 2249 804 2318 meminimuS,
846 2267 1004 2319 quem
1043 2250 1193 2302 nulla
1229 2267 1313 2303 res
1352 2250 1496 2302 ultra
1534 2249 1810 2302 decumam
1843 2248 1971 2301 deti-

275 2324 416 2393 nuit3
468 2342 535 2377 ne
586 2323 842 2393 epistulas
899 2323 1113 2393 quidem
1164 2327 1288 2393 post
1343 2342 1460 2377 eam
1508 2324 1697 2377 horam
1745 2322 1972 2394 legebat,

273 2416 341 2451 ne
381 2397 508 2467 quid
545 2416 714 2451 novae
753 2416 909 2452 curae
939 2401 1266 2452 nasceretur:
1306 2398 1398 2452 sed
1429 2398 1596 2452 totins
1629 2397 1732 2451 diei
1762 2396 1971 2451 lassitu-

426 2573 455 2618 4
484 2573 701 2618 movebat
724 2584 752 2618 ς
778 2575 830 2618 in
855 2588 998 2632 mary.
1024 2573 1173 2618 mou&
1196 2575 1242 2619 A
1271 2574 1288 2633 ΙΙ
1319 2574 1377 2619 10
1407 2573 1645 2634 requietis]
1670 2575 1800 2631 (eras.
1826 2575 1864 2630 s)
1888 2574 1935 2618 A
1957 2573 1974 2631 ΙΙ

278 2631 338 2677 14
359 2633 542 2677 remissi
566 2643 594 2678 ς
617 2633 774 2677 emissi
796 2634 842 2679 A
864 2633 880 2692 ΙΙ
903 2633 962 2677 15
984 2632 1199 2678 laborum
1222 2635 1276 2678 in
1300 2648 1440 2692 mary.
1466 2634 1573 2678 add.
1599 2632 1669 2678 A’
1688 2633 1704 2692 ΙΙ
1734 2632 1792 2677 18
1817 2635 1974 2677 omne-

279 2706 369 2749 que
393 2694 439 2737 A
470 2694 548 2738 sed
576 2694 803 2751 viryulam
833 2693 938 2738 add.
964 2708 1020 2738 m.
1047 2707 1132 2738 ree.
1171 2693 1188 2753 ΙΙ
1225 2693 1285 2738 20
1316 2694 1356 2738 si
1386 2707 1471 2750 per
1500 2694 1612 2751 volq.
1651 2705 1833 2753 semper
1863 2692 1904 2736 si
1927 2693 1973 2736 A

280 2765 464 2808 semper
505 2753 545 2796 si
587 2766 670 2810 per
711 2753 808 2797 edd.
846 2758 960 2798 antt.
1002 2753 1019 2822 Ι]
1059 2752 1119 2797 24
1148 2754 1204 2797 ut
1235 2752 1333 2797 dixi
1360 2755 1405 2798 A
1444 2758 1673 2810 corrupte,
1704 2753 1798 2797 nisi
1826 2753 1974 2809 ipsius

279 2811 471 2857 Senecae
513 2826 636 2857 error
677 2818 739 2857 est
779 2813 833 2856 ut
876 2812 1022 2856 didici
1060 2814 1254 2869 Lipsius
1299 2813 1465 2857 iudicii
1505 2814 1667 2858 melius
1704 2812 1929 2857 Schultess
1957 2811 1975 2869 Η

279 2870 336 2915 27
368 2872 505 2916 verba
543 2874 774 2916 oratorem
811 2885 1035 2929 magnum
1073 2873 1258 2917 seclusit
1287 2873 1470 2927 Haase,
1500 2873 1580 2917 sed
1608 2872 1691 2928 cfr.
1720 2871 1891 2917 Vahlen
1922 2871 1973 2914 in

281 2931 378 2975 ind.
404 2932 498 2976 leet.
524 2932 677 2978 Berol.
705 2935 821 2977 1878
846 2946 894 2989 p.
919 2935 950 2976 8
978 2931 995 2991 ΙΙ
1025 2931 1084 2977 28
1114 2931 1319 2976 detinuit
1344 2931 1481 2978 Gertz
1511 2931 1707 2976 retinnit
1731 2932 1775 2976 A

2000 927 2028 959 1<

2001 1298 2028 1330 11
