2028 3106
189 63 298 117 332
518 60 566 104 L.
592 59 830 103 ANNAEI
860 58 1134 105 SENECAE
1166 61 1325 106 DIAL.
1349 62 1460 106 LIB.
1485 62 1563 107 XI.

190 183 381 237 simam
433 183 487 234 et
534 198 603 233 ne
654 179 703 233 ei
755 181 970 250 quidem
1009 201 1189 236 rerum
1226 186 1419 236 natura
1454 184 1678 256 lugendi
1714 202 1892 239 neces·

189 258 403 311 sitatem
425 254 696 324 abstulit,
743 255 831 309 cui
876 257 1082 310 caelum
1130 258 1513 326 destinaverat,
1556 259 1723 313 immo
1765 278 1891 314 vero

187 331 328 384 idem
369 329 518 382 omni
557 347 748 400 genere
788 329 1034 385 orbitatis
1073 335 1296 386 vexatus
1336 331 1534 385 sororis
1573 334 1747 388 filium
1778 352 1893 388 suc-

187 404 416 458 cessioni
447 407 823 473 praeparatum
855 423 981 459 suae
1011 406 1267 477 perdidit3
1298 406 1528 475 denique
1558 426 1626 462 ne
1650 409 1892 480 singulos

189 480 302 532 eius
340 478 520 532 luctus
560 497 889 549 enumerem,
928 482 982 532 et
1019 498 1244 551 generos
1277 482 1369 534 ille
1400 480 1582 535 amisit
1612 486 1666 536 et
1695 484 1893 537 liberos

189 556 242 606 et
294 556 538 623 nepotes,
594 572 657 608 ac
709 572 868 607 nemo
923 555 1095 626 magis
1150 574 1218 609 ex
1271 555 1520 609 omnibus
1576 558 1893 612 mortalibus

186 627 460 682 hominem
523 646 637 683 esse
700 647 779 698 se,
840 629 969 682 dum
1023 631 1164 683 inter
1215 630 1462 684 homines
1517 633 1651 699 erat,
1714 633 1894 686 sensit.

186 705 367 757 tamen
404 705 490 757 tot
527 706 816 773 tantosque
853 704 1033 758 luctus
1074 705 1217 775 cepit
1252 723 1433 759 rerum
1466 704 1709 758 omm'um
1741 725 1895 777 capa-

186 777 463 832 cissimum
513 778 626 843 eius
678 781 866 848 pectus
917 778 1197 849 victorque
1249 779 1403 833 divus
1454 778 1734 850 Augustus
1785 800 1896 835 non

186 854 428 924 gentium
474 854 850 907 tantummodo
898 857 1263 924 externarum,
1309 854 1401 909 sed
1448 854 1608 907 etiam
1649 853 1895 909 dolorum

187 928 305 982 fuit.
384 925 548 983 Gaius
582 927 800 998 Caesar,
837 929 948 982 divi
979 928 1231 1000 Augusti,
1270 929 1523 983 avunculi
1568 928 1671 982 mei
1711 931 1896 1000 magni

185 1020 378 1072 nepos,
409 1003 551 1056 circa
573 1003 778 1071 primos
802 1004 1051 1058 iuventae
1076 1022 1203 1058 suae
1227 1021 1396 1058 annos
1421 1003 1649 1057 Lucium
1674 1003 1895 1058 fratrem

187 1077 523 1131 carissimum
563 1076 666 1129 sibi
703 1077 954 1146 princeps
994 1079 1289 1132 iuventutis
1328 1078 1626 1148 principem
1659 1078 1895 1132 eiusdem

184 1151 479 1204 iuventutis
519 1149 701 1204 amisit
738 1151 795 1203 in
833 1156 1096 1220 apparatu
1129 1151 1367 1206 Parthici
1404 1152 1534 1205 belli
1566 1155 1620 1205 et
1651 1153 1895 1223 graviore

188 1225 359 1279 multo
412 1224 579 1278 animi
629 1225 847 1278 volnere
897 1244 1058 1294 quam
1105 1229 1296 1295 postea
1340 1225 1583 1296 corporis
1623 1227 1761 1281 ictus
1801 1232 1896 1298 est3

185 1299 331 1370 quod
379 1302 669 1369 utrumque
720 1303 774 1353 et
823 1299 1063 1369 piissime
1112 1300 1254 1353 idem
1306 1303 1359 1353 et
1407 1300 1699 1356 fortissime
1749 1304 1894 1357 tulit.

187 1375 269 1428 Ti.
310 1372 503 1428 Caesar
541 1378 765 1444 patruus
805 1392 954 1427 meus
994 1374 1233 1428 Drusum
1274 1372 1650 1430 Germanicum
1688 1381 1896 1447 patrem

185 1469 386 1519 meum,
434 1449 696 1503 minorem
735 1451 867 1502 natu
908 1466 1068 1518 quam
1107 1449 1224 1518 ipse
1263 1452 1378 1503 erat
1415 1450 1658 1522 fratrem,
1705 1452 1897 1506 intima

187 1523 501 1579 Germaniae
538 1524 903 1578 recludentem
943 1526 998 1576 et
1037 1527 1224 1594 gentes
1255 1524 1616 1580 ferocissimas
1649 1525 1894 1580 Romano

186 1600 539 1654 subicientem
594 1598 821 1670 imperio
875 1598 933 1651 in
987 1599 1272 1668 complexu
1326 1603 1382 1654 et
1434 1602 1492 1655 in
1539 1601 1737 1655 osculis
1785 1599 1894 1652 suis

185 1674 387 1728 amisit:
441 1673 662 1727 modum
715 1676 898 1726 tamen
949 1672 1171 1744 lugendi
1224 1693 1334 1729 non
1389 1676 1493 1731 sibi
1546 1678 1757 1728 tantum
1803 1671 1896 1725 sed

185 1749 340 1803 etiam
396 1749 516 1802 aliis
563 1748 693 1801 fecit
742 1765 804 1801 ac
843 1750 1020 1801 totum
1059 1750 1353 1804 exercitum
1390 1769 1503 1804 non
1542 1750 1716 1803 solum
1757 1764 1895 1798 mae-

186 1826 330 1877 stum
407 1822 500 1876 sed
573 1822 735 1876 etiam
805 1823 1095 1877 attonitum
1167 1842 1362 1894 corpus
1423 1823 1588 1877 Drusi
1650 1821 1734 1875 sui
1790 1819 1896 1873 sibi

185 1896 547 1951 vindicantem
639 1897 706 1950 ad
798 1915 1000 1951 morem
1094 1897 1326 1952 Romani
1416 1899 1596 1950 luctus
1686 1894 1896 1966 redegit

186 1972 548 2042 iudicavitque
654 1989 767 2024 non
873 1971 1141 2027 militandi
1240 1975 1453 2025 tantum
1555 1968 1895 2039 disciplinam

186 2066 300 2102 esse
362 2045 678 2102 servandam
750 2047 842 2100 sed
908 2048 1068 2101 etiam
1136 2046 1366 2100 dolendi.
1457 2062 1570 2098 non
1629 2045 1896 2115 potuisset

186 2121 277 2175 ille
348 2121 597 2177 lacrimas
668 2121 867 2174 alienas
938 2138 1298 2191 compescere,
1364 2119 1470 2174 nisi
1531 2118 1680 2189 prius
1750 2137 1894 2190 pres-

188 2196 344 2249 sisset
381 2215 517 2251 suas.

335 2398 365 2443 3
393 2404 588 2445 vexatus
620 2404 711 2447 est:
753 2401 922 2446 sororis
957 2436 965 2443 .
1001 2436 1010 2446 .
1046 2436 1055 2444 .
1089 2400 1318 2457 perdidit,
1359 2401 1496 2448 Gertz
1526 2407 1687 2448 cont-ra
1717 2398 1846 2444 codd.
1878 2397 1895 2456 Η

187 2458 217 2503 6
248 2459 296 2503 et
327 2461 521 2514 nepotes
552 2463 599 2505 B
640 2476 696 2507 ac
728 2463 921 2519 nepotes
954 2460 994 2506 Ο
1031 2459 1047 2519 Η
1089 2460 1118 2505 8
1156 2462 1317 2506 tamen
1347 2462 1420 2506 tot
1450 2463 1497 2507 B
1535 2474 1660 2505 nunc
1689 2460 1761 2503 tot
1792 2458 1896 2502 DE

188 2533 246 2563 nc
276 2519 349 2563 tot
374 2519 432 2562 H
467 2519 472 2577 Ι
521 2522 882 2577 capacissimum
917 2520 1088 2566 Gruter
1124 2521 1482 2578 pacatissimum
1505 2521 1606 2566 BE
1640 2517 1893 2575 pacacissi-

188 2593 317 2622 mum
340 2578 450 2623 ΒΗ
486 2577 502 2636 Η
544 2579 601 2622 11
641 2582 803 2639 magni
834 2595 980 2638 nepos
1006 2581 1206 2639 Madvig]
1237 2594 1292 2626 ac
1324 2595 1468 2638 nepos
1493 2578 1649 2624 BHG
1684 2576 1892 2632 adnepos

188 2639 296 2683 DV
320 2637 527 2694 abnepos
552 2639 603 2682 E
608 2656 626 2693 ;
654 2641 707 2684 in
737 2656 880 2698 mary.
906 2642 952 2686 B
977 2641 1084 2686 add.
1110 2640 1256 2696 filius,
1286 2646 1340 2686 ut
1362 2641 1476 2697 voly.
1500 2638 1738 2683 edebatwr:
1768 2635 1891 2680 filius

190 2711 246 2742 ac
274 2711 419 2755 nepos
449 2697 466 2757 Η
495 2696 555 2741 14
577 2699 795 2754 grauiore
821 2702 860 2746 0
887 2701 1154 2758 grauiorem
1177 2702 1228 2745 D
1259 2700 1481 2758 grauiora
1507 2698 1551 2742 V
1572 2696 1589 2755 Η
1621 2696 1679 2741 15
1700 2695 1892 2741 uolnere

189 2758 235 2801 B
266 2757 462 2802 uolnera
488 2757 533 2802 V
554 2760 692 2800 nome
709 2759 768 2802 H
792 2760 951 2805 dolore
967 2762 1073 2806 DE
1090 2761 1106 2820 Η
1130 2761 1186 2805 17
1211 2760 1283 2805 Ti.
1308 2759 1415 2804 add.
1434 2757 1628 2815 Lipsius
1649 2755 1665 2815 Η
1687 2754 1747 2800 25
1770 2755 1892 2800 iudi-

191 2817 411 2873 cauitque
443 2831 537 2862 non
560 2817 658 2861 BD
689 2816 1014 2876 iudicauitque
1039 2821 1089 2864 Ε
1117 2819 1352 2865 iudicauit
1380 2819 1429 2863 te
1461 2830 1554 2861 non
1583 2815 1627 2861 G
1659 2815 1893 2861 iudicauit

192 2891 248 2920 .n.
282 2878 344 2934 (=
368 2877 509 2934 enim)
542 2890 636 2920 non
661 2876 719 2920 H
743 2878 863 2932 quod
897 2879 1033 2924 Gertz
1063 2881 1230 2936 recepit

1929 872 1971 905 10

1929 1242 1971 1275 15

1925 1612 1970 1645 20

1926 1983 1969 2017 25
