2034 3086
186 183 209 222 1

247 47 351 102 112
581 43 630 87 L.
657 12 895 87 mmm
925 39 1202 87 SENECAE
1232 41 1609 87 D1AL.L1B.V.

391 163 486 219 IV.
559 164 636 219 Vt
687 164 752 218 de
807 163 996 218 ceteris
1048 162 1272 217 dubium
1326 162 1418 232 sit,
1472 163 1609 216 nulli
1663 165 1805 216 certe
1861 164 1950 217 ad-

243 241 408 294 fectui
457 239 610 310 peior
655 241 739 293 est
791 238 991 306 vultus,
1043 255 1203 307 quem
1254 237 1311 290 in
1356 237 1626 307 prioribus
1671 237 1822 290 libris
1863 238 1949 292 de·

244 315 578 385 scripsimus:
641 330 890 383 asperum
940 315 994 366 et
1043 330 1219 366 acrem
1270 314 1323 364 et
1371 329 1516 366 nunc
1562 310 1822 365 subducto
1869 331 1949 366 re-

243 393 449 443 trorsus
511 388 772 459 sanguine
833 387 1129 459 fugatoque
1190 386 1503 456 pallentem,
1564 403 1709 440 nunc
1768 386 1825 439 in
1887 404 1947 440 os

246 465 392 518 omni
424 464 600 517 calore
632 481 695 517 ac
726 462 920 533 spiritu
950 479 1105 516 verso
1138 460 1598 515 subrubicundum
1624 464 1687 515 -et
1718 460 1947 515 similem

246 541 490 607 cruent0,
544 538 694 592 venis
755 537 1111 606 tumentibus,
1174 535 1343 590 oculis
1404 553 1549 590 nunc
1609 535 1832 607 trepidis
1894 539 1948 590 et

245 613 610 683 exilientibus,
646 629 791 667 nunc
826 612 882 673 in
912 630 1022 665 uno
1056 611 1249 666 obtutu
1280 610 1468 664 defixis
1500 613 1554 664 et
1582 609 1947 679 haerentibus3

245 689 394 744 adice
447 688 689 743 dentium
742 687 883 740 inter
936 704 992 741 se
1046 686 1393 740 arietatorum
1443 689 1504 739 ut
1549 685 1784 755 aliquem
1834 702 1947 740 esse

245 764 578 834 cupientium
614 779 727 816 non
765 762 932 815 alium
971 779 1164 815 sonum
1205 779 1366 831 quam
1406 763 1487 814 est
1525 759 1667 831 apris
1705 761 1815 814 tela
1853 779 1949 814 sua

245 838 446 892 adtritu
498 836 838 906 acuentibus3
891 836 1040 890 adice
1094 835 1442 890 articulorum
1494 834 1780 905 crepitum,
1825 853 1948 889 cum

245 930 302 967 se
340 914 488 982 ipsae
527 929 719 966 manus
764 911 1042 982 frangunt,
1083 914 1137 964 et
1175 911 1449 979 pulsatum
1497 910 1707 980 saepius
1746 912 1950 979 pectus,

245 987 512 1041 anhelitus
564 987 777 1041 crebros
826 987 1135 1054 tractosque
1186 984 1345 1038 altius
1396 986 1628 1055 gemitus
1701 983 1948 1037 instabile

246 1079 464 1132 corpus,
495 1062 700 1116 incerta
729 1059 894 1114 verba
924 1059 1114 1113 subitis
1148 1059 1644 1128 exclamationibus,
1666 1057 1949 1112 trementia

244 1136 396 1190 labra
446 1135 823 1204 interdumque
878 1151 1165 1204 conpressa
1218 1137 1272 1187 et
1326 1133 1500 1186 dirum
1553 1133 1807 1202 quiddam
1862 1151 1948 1186 ex-

246 1211 530 1265 sibilantia.
628 1210 888 1279 ferarum,
948 1227 1033 1262 me
1094 1209 1361 1278 hercules,
1425 1208 1535 1261 sive
1597 1207 1718 1260 illas
1780 1207 1948 1260 fames

246 1286 414 1357 agitat
476 1285 588 1339 sive
642 1285 869 1338 infixum
923 1283 1216 1337 visceribus
1270 1282 1493 1352 ferrum,
1548 1282 1725 1335 minus
1778 1284 1950 1335 taetra

245 1361 406 1414 facies
469 1362 574 1429 est,
635 1360 796 1413 etiam
856 1376 979 1412 cum
1033 1362 1342 1412 venatorem
1398 1376 1554 1412 suum
1610 1356 1947 1411 semianimes

246 1452 429 1490 morsu
489 1435 682 1488 ultimo
745 1436 960 1503 petunt,
1017 1451 1179 1503 quam
1233 1432 1468 1486 hominis
1522 1432 1602 1486 ira
1654 1431 1947 1502 flagrantis.

246 1528 367 1583 age,
429 1510 474 1563 si
537 1507 786 1563 exaudire
844 1525 1002 1578 voces
1057 1526 1120 1562 ac
1172 1508 1346 1561 minas
1399 1510 1576 1577 vacet,
1630 1506 1809 1576 qualia
1862 1525 1948 1560 ex-

245 1584 540 1640 carnificati
579 1583 745 1656 animi
783 1582 947 1636 verba
986 1583 1134 1636 sunt!
1202 1600 1382 1635 nonne
1420 1599 1671 1636 revocare
1710 1599 1767 1635 se
1806 1581 1947 1651 quis-

246 1678 349 1730 que
388 1658 455 1712 ab
494 1659 575 1712 ira
611 1658 778 1727 volet,
819 1675 941 1711 cum
981 1657 1304 1710 intellexerit
1338 1657 1488 1710 illam
1519 1675 1552 1709 a
1582 1673 1679 1709 suo
1710 1656 1946 1725 primum

245 1734 387 1788 malo
427 1731 699 1803 incipere?
758 1751 870 1786 non
906 1731 988 1784 vis
1028 1749 1156 1803 ergo
1193 1731 1509 1785 admoneam
1540 1748 1655 1798 eos,
1686 1730 1779 1798 qui
1811 1730 1946 1782 iram

245 1827 455 1864 summa
498 1808 743 1879 potentia
788 1809 1036 1861 exercent
1081 1810 1134 1860 et
1180 1809 1553 1878 argumentum
1598 1804 1794 1857 virium
1841 1803 1947 1857 exi-

246 1886 484 1937 stumant
522 1886 576 1936 et
614 1883 672 1936 in
709 1882 919 1953 magnis
969 1899 1196 1952 magnae
1242 1881 1488 1934 fortunae
1533 1879 1689 1933 bonis
1736 1882 1946 1948 ponunt

244 1961 487 2028 paratam
539 1957 825 2026 ultionem,
880 1973 1041 2024 quam
1094 1974 1206 2010 non
1260 1956 1330 2009 sit
1382 1958 1595 2024 potens,
1650 1953 1816 2007 immo
1879 1972 1946 2007 ne

244 2032 382 2086 liber
432 2031 647 2101 quidem
694 2031 800 2085 dici
838 2030 1010 2099 possit
1047 2030 1156 2084 irae
1197 2048 1323 2084 suae
1362 2028 1640 2099 captivus?
1715 2046 1827 2082 non
1863 2028 1945 2081 vis

246 2107 585 2176 admoneam,
632 2124 738 2175 quo
787 2104 1096 2175 diligentior
1135 2105 1359 2175 quisque
1399 2104 1470 2158 sit
1508 2106 1560 2157 et
1598 2103 1714 2172 ipse
1754 2121 1808 2157 se
1847 2103 1946 2157 cir-

246 2181 586 2252 cumspiciat,
624 2180 729 2234 alia
767 2178 932 2233 animi
970 2180 1112 2233 mala
1149 2179 1216 2233 ad
1255 2179 1517 2248 pessimos
1550 2195 1790 2248 quosque
1829 2195 1944 2246 per-

245 2257 437 2326 tinere,
474 2255 804 2309 iracundiam
844 2253 1004 2306 etiam
1045 2254 1266 2307 eruditis
1305 2253 1615 2306 hominibus
1655 2255 1708 2306 et
1745 2252 1804 2305 in
1840 2251 1945 2305 alia

246 2331 388 2384 sanis
426 2328 703 2400 inrepere?
763 2327 894 2381 adeo
933 2330 995 2380 ut
1034 2328 1252 2398 quidam
1291 2326 1651 2398 simplicitatis
1685 2326 1943 2380 indicium

393 2445 426 2492 4
455 2448 589 2508 iussos
613 2447 683 2493 A⁶
712 2445 848 2491 imios
873 2445 1000 2490 Αι-2
1029 2445 1046 2504 ΙΙ
1079 2446 1103 2490 7
1136 2445 1440 2502 exillsientib3
1464 2445 1535 2491 A⁵
1562 2446 1694 2503 (eras.
1719 2444 1754 2503 1)
1785 2445 1802 2504 ΙΙ
1830 2443 1860 2488 8
1889 2445 1944 2487 ut

246 2507 440 2565 Lipsius
470 2507 509 2551 85
540 2509 586 2552 A
623 2507 640 2567 Η
678 2506 736 2552 12
768 2505 928 2551 altiius
960 2505 1017 2562 (ti
1041 2519 1128 2562 per
1158 2506 1408 2564 liyatwram
1437 2506 1542 2563 scr.)
1573 2519 1688 2551 corr.
1714 2519 1771 2552 ex
1801 2502 1942 2560 aljtus

245 2570 350 2625 fort.
382 2566 453 2612 A²
488 2565 506 2626 ΙΙ
542 2566 602 2611 23
631 2581 717 2624 pro
751 2577 931 2611 summa
960 2564 1176 2621 potentia
1210 2566 1346 2611 Gertz
1354 2583 1372 2620 ;
1400 2566 1590 2621 facilius
1619 2570 1732 2610 esset
1762 2575 1943 2608 summa

246 2642 330 2685 pro
359 2625 575 2684 potentia
584 2643 603 2681 ;
631 2627 712 2672 sed
740 2627 810 2671 m'l
839 2625 1020 2670 videtur
1049 2625 1323 2670 mutandum
1346 2625 1428 2681 cfr.
1447 2639 1482 2670 c.
1504 2628 1561 2670 13
1585 2630 1696 2670 extr.
1718 2624 1769 2668 in
1792 2638 1826 2667 s.
1843 2623 1941 2679 pot.

246 2688 291 2732 L
336 2687 408 2731 ira
453 2698 683 2730 summam
729 2684 992 2743 potentiam
1039 2687 1258 2729 exercent
1300 2685 1439 2730 scribi
1482 2684 1653 2730 mavolt
1689 2683 1887 2740 Madvig
1933 2683 1938 2741 Ι

247 2746 563 2808 existssimant
594 2744 629 2801 (i
658 2746 760 2791 rad.
785 2759 899 2791 corr.
926 2757 982 2790 ex
1010 2745 1058 2801 u)
1091 2744 1138 2788 A
1166 2743 1184 2803 ΙΙ
1214 2744 1273 2788 25
1304 2745 1367 2789 sit
1389 2745 1457 2799 A,
1481 2745 1566 2789 del.
1588 2744 1770 2799 Haase,
1793 2743 1847 2788 in
1869 2742 1942 2787 sui

246 2820 361 2851 corr.
394 2807 458 2851 H.
483 2805 529 2851 J.
555 2804 758 2859 Mallem
797 2806 881 2849 hoc
920 2803 1092 2859 falsum
1130 2816 1223 2848 esse
1260 2805 1379 2849 vidit
1411 2803 1567 2858 Gertz,
1605 2803 1726 2848 illud
1754 2815 1848 2847 mm
1879 2807 1943 2848 eet

246 2866 549 2911 necessarium
579 2863 595 2923 ΙΙ
625 2862 686 2907 26
717 2863 931 2920 captivus
963 2862 1156 2920 Lipsius
1187 2865 1354 2919 captus
1379 2863 1424 2908 A
1438 2863 1481 2907 L

1982 855 2024 887 10

1981 1226 2023 1259 15

1979 1599 2022 1632 20

1979 1972 2022 2004 25

1975 2343 2019 2376 30
