2034 3086
179 47 253 102 56
509 44 558 89 L.
585 43 821 88 ANNAEI
853 44 1127 90 SENECAE
1159 44 1317 89 DIAL.
1343 44 1456 90 LIB.
1480 44 1559 89 111.

179 171 235 221 et
271 186 303 220 a
339 165 581 219 nocendo
622 165 945 220 abstinent?
1020 167 1239 220 faciunt.
1318 167 1570 236 quando?
1634 184 1757 221 cum
1795 168 1882 220 ad-

177 242 351 295 fectus
390 242 711 309 repercussit
748 242 1017 294 adfectum
1056 244 1110 294 et
1147 243 1241 294 aut
1278 245 1451 295 metus
1490 245 1584 295 aut
1618 241 1882 311 cupiditas

178 314 385 385 aliquid
423 315 742 384 impetravit.
798 334 911 369 non
940 316 1164 369 rationis
1198 318 1329 369 tunc
1365 316 1624 371 beneficio
1665 316 1885 386 quievit,

180 390 272 444 sed
311 390 597 443 affectuum
635 390 802 443 infida
841 393 894 442 et
931 391 1073 443 mala
1110 408 1255 460 pace.

327 462 419 517 IX.
458 463 664 517 Deinde
709 464 850 517 nihil
895 464 1056 517 habet
1092 466 1150 518 in
1190 483 1246 519 se
1283 464 1418 517 utile
1454 483 1553 519 nec
1591 466 1737 520 acuit
1774 465 1885 519 ani-
1938 481 1958 514 5

178 557 327 592 mum
366 539 433 592 ad
470 558 553 593 res
591 540 824 593 bellicas.
901 552 1195 608 numquam
1234 539 1378 592 enim
1415 539 1586 594 virtus
1623 540 1757 594 vitio
1796 539 1886 593 ad-

178 613 411 667 iuvanda
463 617 544 668 est
597 633 653 668 se
707 616 971 668 contenta.
1050 615 1296 683 quotiens
1351 614 1558 683 impetu
1608 633 1742 684 opus
1790 618 1886 684 est,

177 707 289 742 non
327 689 575 742 irascitur
606 688 698 742 sed
738 688 978 758 exsurgit
1017 691 1071 741 et
1108 689 1166 742 in
1205 691 1466 759 quantum
1506 690 1717 758 putavit
1748 708 1883 759 opus

179 781 293 817 esse
345 764 647 817 concitatur
703 763 1122 832 remittiturque,
1170 782 1283 817 non
1331 764 1488 817 aliter
1542 781 1703 832 quam
1750 781 1884 833 quae

177 839 459 892 tormentis
499 838 871 907 exprimuntur
908 838 1016 891 tela
1053 838 1111 891 in
1149 841 1414 908 potestate
1459 837 1721 891 mittentis
1761 842 1886 892 sunt
1917 855 1959 888 ιο

177 914 236 966 ιιι
285 915 546 983 quantum
595 916 959 997 torqueantur.
1039 912 1154 966 ira'
1192 914 1369 983 inquit
1414 911 1733 967 Aristoteles
1780 912 1885 967 ne-

178 988 408 1042 cessaria
454 990 557 1056 est,
592 1005 692 1041 nec
743 988 1032 1073 quicquam
1071 988 1185 1041 sine
1223 989 1319 1041 illa
1357 988 1654 1058 expugnari
1692 990 1887 1057 potest,

176 1062 283 1116 nisi
320 1062 416 1115 illa
453 1063 626 1131 inplet
675 1063 914 1115 animum
953 1065 1006 1115 et
1037 1063 1287 1131 spiritum
1326 1063 1590 1132 accendit3
1627 1061 1885 1115 utendum

177 1140 356 1190 autem
403 1137 498 1190 illa
536 1139 617 1189 est
654 1155 765 1190 non
803 1139 866 1189 ut
904 1136 1037 1189 duce
1089 1135 1181 1189 sed
1226 1138 1288 1189 ut
1333 1136 1538 1189 milite?
1615 1136 1760 1206 quod
1807 1139 1887 1190 est

177 1211 396 1265 falsum:
442 1229 568 1263 nam
620 1211 666 1264 si
705 1210 923 1263 exaudit
967 1211 1231 1263 rationem
1271 1211 1616 1280 sequiturque
1649 1229 1755 1280 qua
1793 1210 1885 1263 du·
1917 1226 1959 1260 ιε

178 1286 341 1354 citur,
378 1286 486 1338 iam
519 1303 631 1338 non
662 1288 743 1338 est
772 1285 875 1354 ira,
913 1285 1064 1338 cuius
1097 1285 1376 1354 proprium
1416 1288 1497 1339 est
1528 1286 1886 1354 contumacia3

178 1360 226 1414 si
262 1378 388 1413 vero
443 1362 709 1430 repugnat
764 1362 817 1412 et
868 1378 979 1413 non
1028 1360 1121 1413 ubi
1171 1360 1316 1413 iussa
1366 1363 1447 1414 est
1493 1361 1743 1430 quiescit,
1794 1360 1885 1414 sed

175 1435 400 1488 libidine
416 1434 720 1503 ferociaque
743 1435 1072 1505 provehitur,
1087 1438 1198 1487 tam
1222 1435 1429 1489 inutilis
1454 1436 1619 1488 animi
1642 1435 1886 1489 minister

118 1523 147 1563 3
178 1512 260 1564 est
298 1528 459 1580 quam
499 1510 652 1562 miles
662 1550 677 1579 ,
717 1510 810 1579 qui
850 1510 1065 1581 signum
1104 1510 1343 1579 receptui
1380 1511 1633 1580 neglegit.
1703 1511 1885 1579 itaque

178 1585 225 1637 si
255 1584 474 1636 modum
506 1584 747 1637 adhiberi
779 1585 881 1637 sibi
912 1585 1138 1653 patitur,
1177 1585 1284 1637 alio
1315 1585 1534 1637 nomine
1565 1584 1885 1654 appellanda
1915 1599 1960 1632 2⁰

180 1661 281 1726 est,
319 1657 458 1711 desit
495 1659 575 1710 ira
614 1677 750 1726 esse,
798 1675 959 1727 quam
998 1658 1307 1710 effrenatam
1346 1658 1768 1727 indomitamque
1807 1660 1884 1711 in·

176 1732 400 1804 telleg03
439 1732 485 1785 si
521 1750 634 1785 non
671 1733 897 1801 patitur,
936 1732 1238 1801 perniciosa
1276 1735 1357 1785 est
1385 1750 1485 1785 nec
1515 1733 1655 1785 inter
1686 1733 1886 1785 auxilia

118 1822 148 1862 4
176 1806 528 1862 numeranda·
575 1807 650 1859 ita
697 1809 790 1859 aut
827 1807 907 1859 ira
943 1825 1056 1859 non
1095 1809 1175 1860 est
1213 1809 1307 1859 aut
1343 1806 1550 1860 inutilis
1591 1809 1683 1859 est.
1758 1826 1884 1860 nam

25 2168 30 2175 ¹
120 2195 146 2234 1

178 1883 226 1937 si
276 1883 396 1952 quis
447 1899 677 1951 poenam
727 1881 896 1952 exigit
943 1900 1055 1934 non
1100 1880 1270 1951 ipsius
1316 1899 1520 1950 poenae
1565 1881 1752 1935 avidus
1793 1882 1883 1935 sed

178 1957 306 2027 quia
357 1959 595 2026 oportet,
640 1975 752 2010 non
800 1959 880 2010 est
925 1955 1353 2009 adnumerandus
1400 1955 1564 2010 iratis.
1641 1956 1731 2010 hic
1784 1957 1886 2010 erit
1915 1970 1958 2005 25

0 2084 4 2086 ,
73 2071 81 2095 ,
176 2031 327 2085 utilis
377 2032 529 2085 miles
582 2032 675 2100 qui
725 2032 828 2085 scit
864 2050 1050 2101 parere
1089 2031 1339 2101 consih'03
1390 2031 1628 2085 adfectus
1669 2031 1884 2101 quidem

176 2108 290 2159 tam
327 2105 457 2157 mali
495 2106 728 2159 ministri
768 2124 930 2175 quam
969 2106 1129 2159 duces
1169 2108 1309 2159 sunt.

327 2177 392 2232 X.
430 2177 558 2232 Ideo
610 2198 906 2249 numquam
960 2179 1204 2233 adsumet
1254 2180 1393 2233 ratio
1448 2180 1504 2233 in
1558 2179 1883 2232 adiutorium

177 2252 490 2324 inprovidos
531 2256 584 2306 et
621 2254 886 2308 violentos
926 2254 1157 2323 impetus
1165 2295 1180 2323 ,
1231 2257 1363 2323 aput
1417 2272 1552 2323 quos
1590 2254 1730 2307 nihil
1768 2254 1885 2323 ipsa

177 2328 513 2383 auctoritatis
551 2327 765 2397 habeat,
813 2346 948 2398 quos
986 2345 1280 2398 numquam
1327 2329 1659 2397 conprimere
1697 2329 1883 2398 possit,
1915 2343 1960 2376 30

176 2403 284 2456 nisi
332 2421 488 2472 pares
538 2402 646 2455 illis
698 2403 995 2471 similisque
1035 2402 1349 2471 opposuerit
1394 2401 1482 2472 [ut
1519 2403 1628 2455 irae
1666 2406 1882 2471 metum,

329 2518 355 2563 l
378 2518 563 2563 faciunt
584 2518 637 2563 in
659 2520 962 2575 suspicionem
984 2520 1162 2564 vocavit
1186 2520 1348 2564 Haase
1376 2517 1393 2578 Η
1422 2517 1453 2562 3
1477 2518 1661 2575 quieuit
1679 2523 1726 2564 A
1750 2518 1883 2575 quies

178 2578 273 2624 fuit
297 2578 367 2624 W
393 2578 569 2624 Gemoll
609 2577 627 2637 ΙΙ
671 2577 728 2622 11
761 2579 1026 2624 Aristoteles
1054 2579 1136 2623 ubi
1164 2579 1248 2623 hoc
1277 2579 1469 2633 dixerit,
1502 2592 1580 2636 eqo
1610 2592 1706 2624 non
1736 2580 1884 2636 mayis

178 2639 403 2696 inda9are
437 2638 574 2695 potui
603 2651 741 2694 quam
770 2639 882 2693 alii;
921 2639 1004 2694 cfr.
1037 2638 1192 2683 Allers
1223 2638 1252 2683 l.
1271 2638 1299 2683 l.
1326 2651 1437 2695 pay
1458 2637 1617 2698 7sq11
1658 2637 1718 2682 12
1747 2638 1883 2682 verba

179 2699 281 2742 sine
326 2695 412 2741 illa
455 2702 508 2742 ut
553 2698 718 2754 spuria
762 2697 902 2742 deleri
946 2698 1068 2743 iubet
1107 2697 1339 2752 Kar-stem
1383 2697 1463 2741 sed
1508 2698 1611 2742 vide
1658 2711 1694 2742 9.
1734 2701 1821 2751 7,1
1868 2697 1885 2755 ΙΙ

177 2756 239 2803 22
267 2755 563 2816 pernislciosa.
586 2757 633 2802 Α
665 2758 797 2814 (eras
823 2770 848 2800 9
878 2758 948 2802 vel
978 2760 1023 2813 ο)
1064 2756 1082 2816 Η
1121 2755 1179 2801 31
1211 2758 1349 2802 verba
1378 2757 1467 2801 ut.
1534 2755 1881 2813 ‚cupiditatem

178 2816 372 2862 delenda
417 2829 508 2860 esse
551 2816 668 2862 vidit
716 2815 879 2870 Gert2;
923 2816 1123 2861 inertiae
1170 2815 1453 2860 industriam
1500 2817 1723 2873 corrigere
1767 2817 1882 2860 satis

179 2876 312 2921 habet
342 2875 627 2922 Cornelvssen
