2028 3106
237 107 345 163 298
579 103 630 147 L.
655 102 892 146 ANNAEI
924 101 1198 148 SENECAE
1230 101 1388 147 DIAL.
1413 102 1525 148 LIB.
1549 101 1605 146 X.

237 226 442 297 primus
492 224 719 294 quisque
765 242 832 277 ex
870 222 1128 278 Romanis
1176 223 1402 277 ducibus
1447 224 1684 278 fecisset:
1730 223 1936 293 primus

237 299 416 355 navali
448 299 668 369 *proelio
715 297 932 352 Duilius
977 299 1131 367 vicit,
1179 298 1385 367 primus
1434 297 1625 352 Curius
1671 297 1936 352 Dentatus

237 376 296 428 in
333 372 611 443 triumpho
643 373 798 427 duxit
829 374 1157 444 elephantos.
1235 373 1545 427 etiamnunc
1574 373 1699 442 ista,
1739 373 1840 426 etsi
1871 372 1938 425 ad

238 466 420 502 veram
459 448 688 519 gloriam
724 466 836 502 non
873 447 1123 515 tendunt,
1162 446 1303 501 circa
1335 447 1575 502 civilium
1607 451 1787 502 tamen
1819 465 1941 516 ope-

237 541 358 577 rum
409 523 655 593 exempla
703 526 1005 577 versantur:
1054 539 1166 574 non
1215 525 1296 575 est
1344 521 1628 592 profutura
1670 523 1795 576 talis
1843 522 1941 575 sci·
1995 537 2015 572 ο

240 598 405 667 entia,
445 601 527 652 est
563 601 745 652 tamen
785 616 919 667 quae
957 613 1057 650 nos
1096 597 1333 668 speciosa
1369 615 1555 658 rerum
1586 598 1823 661 vanitate
1855 596 1942 650 de-

238 673 422 726 tineat.
505 673 612 727 hoc
673 690 888 742 quoque
950 668 1329 740 quaerentibus
1391 670 1751 742 remittamus,
1820 671 1939 742 quis

239 746 497 802 Romanis
565 747 773 818 primus
842 746 1166 815 persuaserit
1224 748 1417 800 navem
1478 745 1832 800 conscendere
1870 777 1945 785 —

240 821 493 877 Claudius
525 823 572 876 is
603 822 730 891 fuit,
771 819 986 874 Caudex
1018 820 1087 874 ob
1118 820 1224 875 hoc
1253 821 1432 891 ipsum
1463 820 1786 890 appellatus,
1818 821 1945 890 quia

238 898 477 968 plurium
536 897 843 950 tabularum
905 897 1188 949 contextus
1251 896 1455 950 caudex
1507 898 1641 965 aput
1692 895 1943 964 antiquos
1978 913 2020 946 10

237 975 483 1041 vocatur,
543 970 684 1024 unde
745 969 993 1039 publicae
1054 971 1269 1024 tabulae
1323 971 1532 1025 codices
1588 969 1840 1023 dicuntur
1892 973 1946 1022 et

237 1064 400 1100 naves
461 1063 606 1099 nunc
669 1062 884 1113 quoque
940 1063 1006 1098 ex
1059 1045 1283 1115 antiqua
1337 1043 1747 1113 consuetudine,
1809 1060 1944 1111 quae

239 1122 568 1175 commeatus
619 1137 716 1188 per
753 1118 991 1173 Tiberim
1042 1119 1371 1190 subvehunt,
1420 1119 1715 1174 codicariae
1753 1135 1946 1171 vocan-

238 1198 329 1249 tur
367 1212 462 1263 ——3
509 1210 636 1246 sane
685 1195 740 1246 et
776 1193 881 1248 hoc
919 1195 986 1247 ad
1024 1213 1138 1248 rem
1177 1195 1465 1264 pertineat,
1513 1193 1658 1264 quod
1697 1191 1944 1247 Valerius

241 1268 504 1323 Corvinus
543 1267 748 1337 primus
786 1267 1089 1323 Messanam
1126 1270 1259 1323 vicit
1297 1272 1352 1323 et
1389 1270 1596 1339 primus
1636 1287 1703 1322 ex
1740 1266 1946 1320 familia
1979 1282 2021 1315 ιε

239 1343 582 1399 Valeriorum
612 1342 760 1396 urbis
793 1346 980 1413 captae
1011 1344 1070 1397 in
1092 1361 1149 1397 se
1172 1345 1433 1397 translato
1457 1344 1675 1397 nomine
1698 1341 1947 1396 Messana

241 1419 543 1490 appellatus
595 1420 677 1471 est
725 1419 1094 1488 paulatimque
1138 1418 1305 1488 vulgo
1351 1421 1690 1487 permutante
1735 1417 1943 1471 litteras

240 1494 470 1548 Messala
508 1492 706 1546 dictus:
744 1511 875 1545 num
915 1495 970 1545 et
1006 1491 1113 1544 hoc
1150 1492 1402 1559 cuiquam
1434 1509 1620 1546 curare
1651 1492 1944 1561 permittes,

243 1569 387 1640 quod
438 1569 644 1639 primus
695 1565 754 1619 L.
788 1564 940 1619 Sulla
989 1565 1047 1618 in
1097 1565 1239 1618 circo
1290 1566 1474 1619 leones
1526 1566 1732 1619 solutos
1784 1565 1944 1633 dedit,

242 1663 365 1698 cum
419 1643 663 1713 alioquin
716 1640 925 1711 alligati
980 1639 1254 1707 darentur,
1317 1639 1383 1691 ad
1439 1639 1799 1693 conficiendos
1854 1657 1944 1692 eos
1980 1654 2024 1688 ao

240 1719 419 1772 missis
452 1738 483 1772 a
511 1736 639 1789 rege
662 1716 880 1771 Boccho
912 1712 1353 1789 iaculatoribus}
1394 1716 1449 1766 et
1478 1713 1582 1766 hoc
1614 1730 1740 1766 sane
1770 1712 1950 1766 remit·

241 1795 409 1846 tatur:
459 1811 590 1846 num
642 1795 696 1846 et
745 1789 1063 1861 Pompeium
1114 1788 1349 1858 primum
1398 1786 1457 1839 in
1505 1786 1648 1840 circo
1699 1786 1948 1856 elephan-

242 1869 422 1920 torum
474 1866 846 1938 duodeviginti
894 1882 1134 1936 pugnam
1182 1861 1409 1916 edidisse
1456 1860 1757 1914 commissis
1797 1878 1946 1914 more

242 1941 414 2012 proeli
462 1941 678 1994 innoxis
728 1940 1037 1995 hominibus
1088 1937 1156 1991 ad
1205 1936 1372 1989 ullam
1421 1953 1535 1991 rem
1584 1935 1782 1989 bonam
1832 1954 1948 2006 per-

242 2015 413 2070 tinet?
490 2015 739 2086 princeps
791 2014 1024 2070 civitatis
1075 2015 1129 2066 et
1177 2011 1318 2063 inter
1367 2009 1620 2079 antiquos
1666 2010 1949 2082 principes,
1980 2026 2023 2060 25

242 2094 305 2144 ut
345 2091 490 2144 fama
531 2090 775 2160 tradidit,
820 2087 1077 2142 bonitatis
1128 2084 1354 2139 eximiae
1403 2085 1749 2140 memorabile
1796 2090 1948 2157 puta-

243 2165 322 2218 vit
391 2165 683 2235 spectaculi
753 2181 921 2236 genus
989 2178 1132 2215 novo
1194 2177 1343 2213 more
1408 2159 1628 2229 perdere
1688 2161 1949 2216 homines,

393 2355 423 2400 2
453 2355 603 2415 prelio
636 2355 811 2400 dullius
835 2356 882 2400 A
919 2354 935 2413 ΙΙ
972 2352 1002 2398 4
1033 2351 1232 2410 gloriam
1263 2351 1317 2396 in
1346 2364 1491 2410 marg.
1515 2353 1622 2398 add.
1649 2353 1719 2399 A⁸
1751 2354 1768 2413 ΙΙ
1804 2353 1834 2397 6
1864 2365 1948 2396 nos

243 2429 279 2460 s.
302 2428 344 2460 v.
369 2415 476 2459 add.
501 2414 572 2460 A⁸
601 2415 606 2473 Ι
654 2415 711 2459 11
743 2417 943 2460 uocatur
966 2413 1012 2457 A
1042 2410 1302 2456 vocabatur
1324 2421 1353 2455 ς
1382 2416 1424 2456 et
1452 2413 1566 2470 voly.
1598 2413 1615 2473 ΙΙ
1648 2413 1707 2458 12
1739 2426 1796 2458 ex
1827 2411 1949 2456 anti-

245 2487 340 2531 qua
364 2475 587 2519 consuetu
623 2474 715 2529 ine,
736 2488 858 2532 quae
874 2473 1068 2530 Lipsius
1090 2483 1212 2528 quae
1233 2471 1489 2528 exantiqua
1502 2471 1507 2532 Ι
1522 2472 1859 2518 consuetudine
1872 2470 1918 2515 A
1933 2469 1950 2528 ΙΙ

243 2534 304 2579 13
333 2547 419 2591 per
448 2532 636 2578 tiberim
671 2539 715 2579 et
741 2535 975 2579 uocantur
1003 2545 1039 2577 s.
1064 2545 1104 2576 v.
1130 2530 1238 2575 add.
1263 2531 1334 2575 A⁸
1368 2532 1372 2590 ξ
1417 2532 1681 2578 codicariae
1704 2531 1774 2578 A¹
1806 2528 1948 2574 caud-

244 2593 316 2640 Α8
351 2594 368 2653 ΙΙ
408 2592 467 2638 18
505 2592 708 2638 messala
745 2594 798 2638 in
828 2606 972 2650 marq.
1004 2589 1075 2636 A⁶
1104 2589 1326 2635 messalla
1356 2591 1426 2637 A¹
1469 2594 1474 2652 l
1521 2594 1740 2650 cuiquam
1779 2590 1948 2635 Gruter

246 2653 499 2711 quicquam
523 2653 570 2698 A
602 2652 857 2709 quoiquam
889 2652 977 2697 alii
1004 2650 1022 2709 ΙΙ
1051 2649 1110 2694 19
1134 2648 1256 2706 sylla
1278 2651 1325 2696 A
1355 2651 1372 2712 Η
1401 2651 1461 2697 20
1486 2652 1667 2697 allicati
1690 2650 1775 2736 ‘¹1¹'
1797 2648 1854 2692 21
1879 2647 1948 2691 ia-

247 2742 504 2787 culatorius
534 2741 581 2786 A
612 2754 725 2786 corr.
757 2742 870 2800 voly.
910 2741 928 2800 ΙΙ
967 2738 1028 2783 24
1064 2735 1246 2798 preljno
1277 2740 1348 2786 xis
1381 2741 1451 2787 A¹
1480 2715 1780 2802 preljnoffixis
1811 2735 1948 2794 A²(?)

245 2802 430 2847 innoxis
462 2801 588 2848 edidi
617 2801 715 2845 coll.
752 2802 878 2846 Ptin.
910 2815 956 2845 u.
988 2800 1030 2844 h.
1066 2799 1197 2844 VIII
1220 2804 1263 2856 7,
1285 2804 1347 2846 20
1377 2802 1542 2860 Lipsio
1575 2799 1843 2854 Gertzioque
1874 2797 1947 2842 ob-

246 2867 445 2917 secutus,
485 2874 762 2918 quamquam
793 2861 898 2916 fieri
928 2863 1098 2917 potest,
1135 2864 1189 2905 ut
1217 2860 1314 2917 ipse
1344 2861 1514 2909 Seneca
1544 2872 1693 2907 errore
1721 2857 1848 2903 haud
1876 2858 1947 2902 in-

246 2920 378 2965 solito
408 2921 560 2964 noxiis
595 2920 831 2976 scripserit
