2034 3086
55 887 100 920 1⁰

56 1260 99 1294 15

633 75 716 121 DE
745 75 855 120 mi
885 74 997 120 Lm
1021 74 1056 121 L
1112 74 1240 122 OAP
1267 80 1324 120 20
1757 77 1829 132 69

127 200 204 253 ita
256 199 337 252 ira
388 198 647 253 muliebre
697 197 929 252 maxime
979 215 1043 251 ac
1073 197 1293 282 puerile
1338 197 1529 251 vitium
1575 200 1669 251 est.
1748 196 1833 250 ‘at

128 273 315 328 incidit
367 278 422 327 et
474 275 531 326 in
583 271 764 326 viros?
853 290 979 325 nam
1032 272 1163 325 viris
1218 289 1430 342 quoque
1488 272 1716 343 puerilia
1770 290 1832 326 ac

128 347 455 402 muliebria
441 347 657 419 mgenia.
687 349 826 399 sunt
882 345 1041 416 ‘quid
1071 345 1239 418 ergo?
1282 365 1401 399 non
1432 348 1641 416 aliquae
1672 364 1831 400 voces
1863 363 1890 403 4

128 422 196 476 ab
250 423 400 476 iratis
456 422 776 476 emittuntur
829 439 965 490 quae
1018 439 1217 492 magno
1275 421 1496 474 emissae
1550 422 1834 475 videantur

128 496 368 551 animo?
475 497 633 550 immo
697 514 877 549 veram
947 495 1322 567 ignorantibus
1391 496 1831 567 magnitudinem,

129 572 302 642 qualis
333 572 430 625 illa
459 571 577 624 dira
606 573 661 623 et
690 571 1068 624 abominanda:
1108 570 1365 639 ‘oderint,
1398 570 1524 624 dum
1556 570 1830 625 metuant?

128 644 351 700 Sullano
383 646 520 700 scias
553 646 763 699 saeculo
796 646 1065 715 scriptam.
1118 645 1301 699 nescio
1333 647 1514 698 utrum
1546 646 1647 699 sibi
1679 646 1832 716 peius

129 721 417 791 optaverit,
456 722 519 773 ut
557 719 680 773 odio
720 723 880 788 esset,
921 738 990 773 an
1028 722 1090 773 ut
1126 720 1323 773 timori.
1404 718 1650 773 ‘oderint
1655 719 1671 743 ’
1747 738 1833 774 oc-

128 795 297 850 currit
344 795 427 848 illi
475 794 738 863 futurum,
789 798 851 848 ut
900 797 1234 862 execrentur,
1274 794 1613 863 insidientur,
1654 795 1833 866 oppri-

128 873 291 924 mant.
354 868 483 940 quid
514 868 745 923 adiecit?
805 869 860 922 di
898 869 981 922 illi
1011 869 1151 922 male
1181 869 1403 938 faciant,
1434 868 1566 922 adeo
1598 837 1836 940 iepperit
1932 881 1939 922 ἒ»

130 945 353 1016 dignum
392 943 516 999 odio
550 944 858 998 remedium.
924 942 1186 997 ‘oderint’
1226 975 1296 983 —
1338 944 1468 1014 quid
1499 943 1646 998 tum?
1706 945 1834 998 dum

130 1018 388 1090 pareant?
450 1037 584 1089 non3
622 1018 751 1072 dum
790 1018 1057 1104 probent?
1115 1037 1248 1089 non3
1288 1019 1419 1089 quid
1458 1019 1625 1091 ergo?
1687 1018 1834 1073 ‘dum

129 1093 386 1148 timeant?
461 1095 540 1147 sic
588 1112 655 1147 ne
706 1094 873 1147 amari
924 1094 1139 1164 quidem
1189 1095 1397 1148 vellem.
1483 1113 1681 1166 magno
1721 1095 1835 1149 hoc
1867 1111 1892 1150 5
1934 1119 1937 1139 ι

128 1169 331 1223 dictum
386 1169 581 1239 spiritu
635 1168 830 1238 putas?
905 1169 1129 1238 falleris3
1178 1187 1280 1223 necv
1328 1170 1470 1223 enim
1518 1169 1834 1240 magnitudo
1934 1144 1938 1193 Ι

130 1244 234 1297 ista
271 1247 353 1297 est
391 1242 483 1297 sed
521 1244 841 1297 immanitas.
919 1262 1029 1297 non
1075 1247 1157 1297 est
1202 1244 1347 1314 quod
1387 1244 1570 1298 credas
1609 1245 1836 1298 irascen-

130 1319 265 1372 tium
318 1318 518 1387 verbis,
573 1336 802 1388 quorum
853 1319 1108 1388 strepitus
1160 1319 1366 1389 magni,
1412 1320 1645 1373 minaces
1697 1322 1836 1389 sunt,

129 1394 271 1447 intra
308 1411 458 1447 mens
498 1393 858 1463 pavidissima.
920 1411 1020 1447 nec
1058 1396 1140 1446 est
1171 1393 1316 1463 quod
1348 1394 1619 1450 existimes
1651 1412 1837 1447 verum
1869 1410 1895 1450 6

129 1486 265 1537 esse,
297 1468 443 1538 quod
473 1468 617 1538 apud
649 1467 1061 1521 disertissimum
1093 1468 1268 1522 virum
1299 1468 1357 1522 Τ.
1375 1467 1590 1522 Livium
1618 1467 1836 1523 dicitur.

130 1542 239 1596 ‘vir
268 1543 471 1614 ingenii
501 1543 687 1613 magni
718 1543 890 1614 magis
923 1561 1086 1613 quam
1116 1541 1280 1596 boni.’
1341 1561 1452 1596 non
1482 1546 1662 1613 potest
1692 1542 1838 1598 istud

131 1618 387 1687 separari:
465 1620 559 1670 aut
607 1620 662 1670 et
710 1616 911 1671 bonum
963 1618 1065 1671 erit
1110 1620 1204 1671 aut
1247 1636 1347 1671 nec
1393 1636 1670 1689 magnum,
1711 1618 1839 1688 quia

131 1691 760 1821 ωωιῆῗὲἲάἒῗθῗιᾚῗξ
793 1692 1455 1822 inffln‘imssssssassoeisseffi
1472 1694 1838 1822 ἕέιῖἓῗὲξίἓὲ

131 1841 287 1896 malis
318 1842 548 1914 ingeniis
578 1860 689 1896 non
722 1786 913 1912 potlest.
969 1842 1230 1896 terribilia
1256 1786 1403 1896 (einim
1428 1787 1542 1897 casse
1566 1846 1620 1897 et
1643 1843 1839 1897 tumul·
1872 1863 1896 1905 τ

132 1920 288 1971 tuosa
317 1920 372 1971 et
401 1917 628 1971 exitiosa
666 1921 915 1987 possunt:
954 1917 1381 1989 magnitudinem
1414 1917 1653 1988 quidem,
1686 1918 1839 1972 cuius

131 1991 527 2046 firmamentum
589 1992 859 2062 roburque
921 1993 1134 2047 bonitas
1199 1996 1301 2062 est,
1370 2012 1481 2047 non
1549 1993 1838 2047 habebunt.

132 2071 365 2122 ceterum
405 2085 671 2135 sermone,
710 2071 908 2122 conatu
947 2071 1001 2121 et
1040 2068 1187 2122 omni
1226 2071 1378 2122 extra
1416 2071 1607 2139 paratu
1642 2068 1841 2123 facient

279 2244 311 2290 6
334 2246 505 2291 Accius
527 2246 579 2290 in
604 2246 744 2291 Atreo
766 2245 826 2300 fr.
852 2246 1038 2302 V<203)
1065 2246 1200 2292 Ribb.
1225 2246 1242 2294 ΙΙ
1268 2245 1324 2291 18
1348 2246 1452 2292 Liv.
1477 2246 1598 2305 frag.
1618 2250 1676 2292 54
1696 2247 1839 2293 Hertz

282 2363 312 2409 4
342 2378 484 2422 magn
487 2377 686 2434 emisse
716 2364 929 2410 habuisse
958 2365 1050 2410 vid.
1074 2365 1144 2411 A¹
1171 2379 1286 2411 corr.
1310 2365 1416 2435 forst.
1443 2365 1600 2411 eadem
1628 2379 1795 2411 manus
1824 2366 1840 2425 ΙΙ

133 2423 164 2468 5
194 2422 337 2469 immo
368 2425 475 2469 add
500 2423 701 2482 Madmy
736 2424 754 2484 ΙΙ
794 2424 818 2469 7
852 2423 1035 2482 syllano
1059 2425 1105 2470 A
1148 2425 1154 2482 Ι
1197 2425 1332 2483 peius
1363 2439 1416 2470 m
1445 2439 1537 2471 ras.
1564 2425 1635 2471 A⁸
1656 2427 1840 2483 primae

137 2498 256 2529 mam
280 2485 512 2541 scriptura
535 2437 701 2541 plan?
711 2498 845 2529 erasa
874 2486 891 2542 ΙΙ
922 2483 980 2529 10
1012 2484 1188 2530 adiecit
1210 2486 1256 2531 A
1289 2484 1457 2530 adiicit
1481 2485 1711 2532 Erasmus
1731 2485 1839 2541 fort.

134 2549 250 2589 recte
270 2544 288 2602 ΙΙ
311 2543 364 2588 11
391 2542 505 2600 quid
531 2546 690 2601 <tum
700 2547 780 2600 1³>
798 2543 912 2589 dum
936 2543 1074 2590 Gertz
1097 2544 1326 2602 qniddum
1344 2545 1430 2649 Ai'
1454 2544 1511 2590 12
1535 2559 1629 2590 non
1650 2550 1841 2603 utroque

136 2603 231 2649 loco
260 2604 314 2648 in
342 2617 435 2649 ras.
460 2602 530 2649 A⁸
550 2604 566 2661 ΙΙ
599 2603 657 2649 16
679 2603 904 2661 strepitus
928 2603 997 2650 Δ*
1020 2559 1128 2660 (treq
1134 2619 1186 2650 m
1207 2607 1319 2662 ras.)
1349 2606 1366 2662 ΙΙ
1427 2604 1456 2650 8
1480 2605 1839 2650 disertissimum

136 2662 285 2708 virum
317 2662 369 2709 T.
396 2663 577 2708 Livium
610 2663 786 2709 dicitur
812 2664 970 2719 Gertt,
1002 2663 1122 2709 idem
1147 2664 1182 2709 L
1204 2666 1300 2710 nisi
1322 2666 1444 2722 quod
1470 2664 1523 2710 Τ.
1546 2666 1670 2711 abest
1693 2665 1840 2711 diser-

135 2722 369 2768 tin-imum
414 2723 589 2768 dicitur
623 2723 707 2778 A¹,
744 2723 824 2769 sed
859 2698 1035 2781 pwn’cto
1071 2725 1365 2783 siqnificatwr
1400 2726 1520 2770 inter
1555 2726 1666 2771 haec
1702 2726 1841 2771 verba

135 2782 350 2828 addenda
396 2797 487 2829 esse
532 2797 647 2840 quae
686 2782 755 2829 A’
799 2785 852 2829 in
897 2798 1040 2842 mary.
1082 2784 1352 2843 adeor-ipsit:
1404 2785 1555 2830 uirum
1604 2784 1773 2830 linium
1825 2784 1842 2844 ΙΙ

138 2840 196 2887 19
242 2841 345 2888 Non
386 2845 543 2900 potest
582 2844 625 2889 L
671 2849 720 2888 ut
759 2844 872 2902 υοῑ9.
916 2845 1072 2901 potest
1108 2845 1155 2890 A
1207 2845 1224 2903 ΙΙ
1277 2843 1337 2890 2⁰
1374 2847 1546 2891 conatu
1585 2847 1630 2891 A
1670 2845 1841 2890 ornatu

138 2900 421 2949 Cornelissen
