2034 3086
586 51 668 96 DE
699 50 807 96 ma
837 50 949 97 Lm.
974 50 1053 98 111.
1109 50 1238 97 CAP.
1264 56 1291 96 a
1686 48 1791 108 115

88 174 213 230 bilis
251 176 333 227 est
369 176 425 227 et
461 173 777 244 dispositus3
820 191 1051 244 quorum
1088 172 1228 227 nihil
1264 173 1504 228 invenies
1544 174 1601 227 in
1639 174 1791 228 irato.

89 249 209 320 quis
248 248 391 302 enim
427 248 658 302 traditus
695 248 871 302 dolori
910 251 964 302 et
997 247 1179 302 furens
1210 266 1322 302 non
1350 249 1581 319 primam
1611 249 1796 303 reiecit
1826 265 1851 303 2

86 322 498 378 verecundiam?
558 323 679 394 quis
710 323 917 393 impetu
948 323 1194 378 turbidus
1219 326 1273 376 et
1294 323 1353 376 in
1376 324 1610 393 aliquem
1634 343 1794 378 ruens

86 416 198 452 non
237 398 498 469 quidquid
537 398 595 451 in
634 416 690 452 se
728 398 1016 452 venerandi
1045 398 1237 451 habuit
1266 398 1496 451 abiecit?
1558 399 1646 453 cui
1677 399 1795 453 offi-

37 491 59 525 s
87 474 293 528 ciorum
315 491 569 527 numerus
593 475 688 526 aut
710 473 843 526 ordo
867 473 1113 527 constitit
1135 473 1397 527 incitato?
1436 473 1555 542 quis
1578 474 1795 546 linguae

86 547 442 619 temperavit?
508 548 629 618 quis
667 548 835 601 ullam
874 552 1082 618 partem
1121 548 1362 618 corporis
1401 547 1611 601 tenuit?
1675 550 1795 618 quis

0 642 1 650 ¹
88 642 144 677 se
174 641 358 695 regere
387 623 570 693 potuit
599 622 918 676 inmissum?
975 622 1216 693 proderit
1244 623 1401 677 nobis
1434 622 1570 676 illud
1601 622 1796 677 Demo·
1828 639 1854 678 3

87 698 209 752 criti
248 698 481 751 salutare
511 700 879 768 praeceptum,
916 716 1023 767 quo
1056 700 1388 751 monstratur
1417 698 1796 768 tranquillitas,

88 773 134 826 si
186 790 360 843 neque
413 772 668 843 privatim
719 790 894 843 neque
947 772 1163 843 publice
1217 773 1389 826 multa
1446 775 1540 826 aut
1592 773 1798 827 maiora

12 865 59 899 ιο
88 847 291 902 viribus
341 848 541 902 nostris
591 848 870 920 egerimus.
962 866 1258 918 numquam
1303 850 1416 901 tam
1462 847 1691 902 feliciter
1740 849 1795 902 in

88 923 259 976 multa
307 923 627 977 discurrenti
671 923 890 994 negotia
928 922 1041 977 dies
1086 923 1302 992 transit,
1348 926 1410 976 ut
1446 941 1558 976 non
1600 926 1694 976 aut
1731 942 1798 977 ex

87 998 304 1052 homine
352 1001 447 1051 aut
495 1016 563 1052 ex
611 1016 669 1051 re
716 998 919 1051 offensa
962 1001 1235 1067 nascatur,
1284 1015 1419 1068 quae
1463 999 1702 1052 animum
1742 999 1798 1051 in

88 1073 193 1127 iras
239 1076 404 1143 paret.
490 1072 940 1143 quemadmodum
986 1092 1084 1143 per
1128 1073 1431 1143 frequentia
1483 1073 1632 1127 urbis
1678 1074 1799 1127 loca

87 1148 397 1219 properanti
444 1149 503 1202 in
549 1149 749 1202 multos
797 1148 1223 1202 incursitandum
1262 1151 1352 1202 est
1389 1151 1443 1202 et
1481 1149 1649 1202 aliubi
1686 1148 1799 1202 labi

13 1240 58 1274 ιε
86 1241 301 1277 necesse
346 1226 448 1292 est,
495 1223 662 1277 aliubi
700 1224 940 1292 retineri,
979 1223 1147 1277 aliubi
1185 1224 1445 1295 respergi,
1485 1224 1561 1277 ita
1599 1224 1656 1277 in
1694 1224 1799 1277 hoc

88 1298 229 1352 vitae
267 1300 391 1352 actu
430 1298 690 1368 dissipato
722 1301 777 1352 et
806 1316 946 1370 vago
978 1299 1150 1352 multa
1180 1298 1558 1368 inpedimenta,
1597 1299 1797 1352 multae

88 1373 356 1443 querellae
405 1373 672 1427 incidunt:
725 1373 862 1427 alius
917 1391 1068 1443 spem
1117 1376 1358 1427 nostram
1396 1373 1611 1442 fefellit,
1661 1374 1796 1427 alius

88 1447 312 1516 distulit,
365 1448 503 1502 alius
557 1448 862 1518 intercepit3
915 1466 1027 1502 non
1078 1467 1145 1502 ex
1198 1448 1464 1502 destinato
1519 1449 1799 1519 proposita

88 1521 371 1576 fluxerunt.
459 1523 598 1577 nulli
658 1523 876 1577 fortuna
936 1526 1048 1576 tam
1103 1523 1282 1577 dedita
1342 1526 1445 1593 est,
1506 1526 1568 1576 ut
1628 1524 1799 1577 multa

13 1613 61 1649 α
88 1598 374 1668 temptanti
412 1598 611 1669 ubique
649 1598 993 1669 respon‘deat3
1032 1599 1274 1668 sequitur
1312 1617 1464 1670 erg0,
1503 1601 1566 1652 ut
1604 1598 1672 1668 is,
1712 1598 1800 1652 cui

90 1676 279 1727 contra
327 1692 488 1743 quam
538 1677 894 1744 proposuerat
947 1674 1129 1743 aliqua
1182 1676 1477 1743 cesserunt,
1532 1674 1799 1743 inpatiens

90 1746 369 1802 hominum
414 1766 700 1819 rerumque
747 1750 839 1817 sit,
886 1767 952 1802 ex
997 1749 1284 1803 levissimis
1323 1749 1499 1803 causis
1539 1749 1801 1802 irascatur

90 1839 234 1877 nunc
262 1841 535 1893 personae,
571 1842 717 1878 nunc
747 1825 982 1894 negotio,
1013 1842 1157 1878 nunc
1186 1824 1323 1893 loco,
1361 1842 1507 1878 nunc
1537 1823 1801 1893 fortunae,

90 1914 235 1951 nunc
272 1897 389 1951 sibi.
466 1898 648 1968 itaque
693 1902 756 1952 ut
794 1899 1007 1969 quietus
1046 1899 1219 1969 possit
1257 1917 1372 1953 esse
1411 1899 1645 1968 animus,
1692 1917 1801 1953 non

16 1986 63 2023 a
91 1974 174 2026 est
232 1971 509 2027 iactandus
569 1991 668 2028 nec
729 1974 1042 2042 multarum,
1110 1977 1172 2027 ut
1232 1974 1367 2044 dixi,
1435 1991 1614 2027 rerum
1677 1976 1799 2029 actu

92 2045 398 2119 fatigandus
443 2065 542 2102 nec
579 2066 893 2119 magnarum
941 2066 1208 2118 supraque
1247 2049 1387 2103 vires
1426 2048 1798 2118 adpetitarum.

93 2120 248 2176 facile
285 2125 369 2176 est
403 2122 545 2177 levia
581 2126 765 2193 aptare
804 2123 1100 2178 cervicibus
1146 2126 1201 2177 et
1239 2123 1295 2177 in
1332 2124 1473 2177 hanc
1519 2126 1612 2176 aut
1651 2123 1800 2177 illam

94 2199 296 2266 partem
347 2197 635 2252 transferre
685 2198 799 2252 sine
843 2199 1022 2268 lapsu,
1069 2202 1126 2252 at
1172 2216 1308 2269 quae
1355 2198 1544 2252 alienis
1592 2198 1647 2251 in
1701 2217 1799 2252 nos

95 2271 337 2326 manibus
384 2273 621 2343 inposita
665 2291 822 2345 aegre
868 2274 1214 2342 sustinemus,
1260 2274 1392 2327 victi
1431 2273 1488 2326 in
1535 2291 1799 2343 proxumo

19 2360 66 2397 ιο
93 2345 439 2416 effundimus3
491 2348 652 2401 etiam
707 2347 834 2401 dum
890 2350 1092 2402 stamus
1148 2348 1247 2402 sub
1302 2348 1534 2417 sarcina,
1588 2348 1799 2419 inpares

95 2421 242 2475 oneri
281 2421 640 2476 vaccillamus.

246 2598 272 2644 2
303 2598 512 2646 Demoer.
537 2599 704 2658 fragm.
729 2603 759 2646 3
783 2599 916 2645 Diels
948 2601 1050 2656 <163
1076 2599 1207 2657 Nat.)
1239 2599 1324 2656 cfr.
1350 2599 1464 2646 dial.
1489 2600 1571 2646 IX
1596 2604 1665 2656 13,
1684 2605 1706 2645 1

244 2700 275 2748 4
303 2703 559 2749 venerandi
593 2703 731 2750 Gens
771 2702 1028 2749 uerecundi
1064 2705 1109 2750 Α.
1149 2704 1168 2774 [Ι
1206 2703 1237 2750 8
1276 2704 1317 2750 si
1355 2717 1507 2763 neque
1548 2706 1663 2764 vola.
1700 2705 1800 2750 sine

98 2774 191 2818 quo
214 2763 259 2808 A
306 2762 411 2822 12⁹
441 2763 718 2834 inproxumo
743 2765 788 2810 A
819 2763 918 2821 (sed
947 2778 978 2807 u
1011 2764 1182 2822 aliquus
1211 2765 1264 2810 in
1295 2764 1313 2810 i
1343 2764 1550 2811 radendo
1580 2766 1700 2811 corti
1730 2779 1802 2811 ere

97 2821 258 2880 voluit)
368 2836 582 2880 proximo
608 2824 652 2869 L
682 2823 732 2869 in
763 2824 1000 2881 proximo·
1024 2834 1052 2869 ς
1083 2829 1125 2870 et
1154 2824 1327 2871 multae
1350 2825 1448 2871 edd.
1472 2824 1490 2884 ΙΙ
1518 2824 1574 2871 81
1601 2825 1698 2885 uass
1719 2825 1800 2870 cil-

100 2878 216 2938 lam3
241 2883 285 2928 Δ
318 2884 449 2940 (ει-σε.
482 2886 509 2940 t
538 2885 591 2929 in
620 2885 713 2941 fine
741 2886 931 2941 vam.)

1382 2975 1438 3019 8⁸

1831 1539 1857 1578 5

1832 1915 1858 1953 6
