2034 3086
106 1711 132 1752 2

165 69 237 123 62
492 68 542 112 L.
567 66 804 112 ANNAEI
835 65 1110 112 SENECAE
1139 66 1299 112 DIAL.
1323 66 1436 112 LIB.
1461 66 1538 112 III.

164 207 308 258 eum,
348 189 435 243 cui
473 191 590 242 tum
627 188 858 242 maxime
896 207 1139 258 prosum,
1178 207 1300 243 cum
1338 189 1492 243 illum
1524 189 1627 243 sibi
1658 189 1864 260 eripio?

165 283 294 317 num
335 264 455 334 quis
494 264 732 317 membra
770 282 867 317 sua
903 266 1035 318 tunc
1073 263 1209 333 odit,
1255 281 1378 318 cum
1416 264 1678 318 abscidit?
1751 283 1863 318 non

165 342 246 392 est
282 339 378 391 illa
407 339 508 407 ira,
548 338 640 392 sed
663 338 856 392 misera
880 338 1099 392 curatio.
1153 338 1367 392 rabidos
1392 339 1682 410 effligimus
1706 357 1862 394 canes

165 417 218 466 et
270 416 476 467 trucem
530 415 690 482 atque
745 413 1159 467 immansuetum
1210 413 1403 467 bovem
1464 413 1756 475 occidimus
1811 417 1865 468 et

164 487 422 541 morbidis
476 487 781 557 pecoribus,
834 507 902 541 ne
949 505 1166 559 gregem
1211 489 1480 558 polluant,
1532 488 1732 542 ferrum
1779 489 1864 542 de-

164 563 452 631 mittimus3
489 565 830 632 portentosos
868 562 1009 616 fetus
1060 562 1444 634 extinguimus,
1493 563 1691 617 liberos
1735 582 1864 632 quo-

166 656 291 707 que,
323 637 369 690 si
408 637 607 692 debiles
646 637 1043 707 monstrosique
1074 637 1203 690 editi
1242 641 1388 708 sunt,
1423 638 1738 710 mergimus3
1766 656 1865 692 nec

164 714 269 781 ira,
309 711 402 765 sed
439 712 577 765 ratio
617 714 698 765 est
736 731 768 765 a
807 712 950 766 sanis
988 712 1203 765 inutilia
1240 731 1522 767 secernere
1577 713 1658 767 nil
1687 712 1865 766 minus

166 805 327 856 quam
364 787 524 841 irasci
562 787 873 856 punientem
912 787 1084 857 decet,
1122 805 1245 841 cum
1284 806 1347 841 eo
1386 789 1558 859 magis
1594 788 1662 841 ad
1692 806 1866 841 emen·

165 862 435 915 dationem
473 880 647 932 poena
684 862 954 932 proficiat,
993 862 1038 915 si
1077 862 1276 917 iudicio
1312 863 1424 916 lata
1461 866 1567 919 est.
1608 862 1733 916 inde
1771 865 1865 932 est,

166 937 311 1007 quod
351 935 597 990 Socrates
647 955 800 991 servo
840 937 937 990 ait:
988 936 1278 991 ‘caederem
1315 939 1391 1007 te,
1434 937 1542 991 nisi
1579 937 1866 992 irascerer?

165 1012 586 1066 admonitionem
625 1012 764 1066 servi
795 1012 852 1065 in
882 1015 1094 1082 tempus
1127 1013 1308 1067 sanius
1340 1012 1570 1081 distulit,
1608 1013 1704 1066 1110
1735 1015 1866 1066 tem·

165 1105 296 1156 pore
335 1105 390 1140 se
430 1087 721 1140 admonuit.
778 1087 928 1141 cuius
971 1087 1072 1140 erit
1108 1087 1325 1141 tandem
1354 1090 1681 1157 temperatus
1713 1087 1866 1141 affec-⁶

164 1166 251 1215 tus
260 1203 275 1232 ‚
326 1180 448 1215 cum
488 1160 733 1216 Socrates
783 1180 895 1216 non
941 1162 1011 1216 sit
1057 1181 1216 1217 ausus
1257 1181 1312 1216 se
1352 1163 1461 1216 irae
1501 1161 1868 1216 committere?

314 1249 458 1304 XVI.
490 1251 639 1323 Ergo
664 1251 732 1305 ad
755 1252 1133 1305 coercitionem
1157 1252 1448 1305 errantium
1469 1252 1867 1305 sceleratorum·-

167 1344 271 1395 que
320 1327 458 1379 irato
498 1327 820 1397 castigatore
857 1345 969 1380 non
1007 1345 1143 1396 opus
1182 1330 1286 1397 est3
1330 1345 1456 1380 nam
1503 1345 1626 1380 cum
1664 1326 1744 1379 ira
1782 1326 1867 1379 de-

164 1401 355 1454 lictum
408 1401 574 1454 animi
624 1402 715 1470 sit,
769 1419 881 1455 non
928 1404 1141 1471 oportet
1185 1404 1405 1472 peccata
1442 1401 1708 1472 corrigere
1747 1419 1867 1470 pec·

167 1478 389 1529 cantem.
447 1475 596 1546 ‘quid
635 1475 800 1546 ergo?
858 1494 971 1530 non
1008 1477 1207 1530 irascar
1242 1476 1478 1530 latroni?
1534 1475 1665 1545 quid
1703 1474 1869 1546 ergo?

164 1569 276 1604 non
314 1551 513 1605 irascar
550 1551 787 1604 venefico
797 1550 844 1603 ?'
920 1556 1053 1604 non:
1090 1570 1265 1621 neque
1296 1550 1438 1604 enim
1479 1551 1614 1604 mihi
1651 1550 1866 1620 irascor,

167 1643 288 1678 cum
321 1626 636 1697 sanguinem
667 1627 838 1680 mitto.
895 1645 1052 1679 omne
1082 1644 1286 1696 poenae
1317 1644 1484 1698 genus
1515 1625 1715 1679 remedi
1744 1626 1866 1679 loco

166 1701 447 1754 admoveo·
499 1700 576 1754 ‘tu
627 1700 801 1755 adhuc
850 1701 908 1754 in
953 1702 1127 1771 prima
1173 1703 1324 1771 parte
1362 1701 1589 1753 versaris
1628 1718 1867 1753 errorum

164 1793 264 1828 nec
287 1776 522 1847 graviter
542 1776 737 1829 laberis
768 1776 860 1830 sed
882 1775 1208 1845 frequenter.
1233 1775 1535 1846 obiurgatio
1557 1778 1612 1828 te
1633 1775 1867 1845 primum

167 1854 368 1903 secreta
400 1850 588 1903 deinde
619 1851 894 1920 publicata
925 1851 1203 1904 emendare
1226 1850 1523 1934 temptabit.
1566 1852 1628 1903 tu
1649 1850 1866 1934 longius

167 1925 274 1978 iam
305 1925 635 1994 processisti,
667 1943 828 1995 quam
851 1928 914 1978 ut
935 1926 1110 1995 possis
1133 1925 1309 1979 verbis
1334 1924 1532 1994 sanari3
1571 1924 1868 1995 ignominia

165 2017 272 2053 non
309 2000 689 2084 contineberis,
737 2000 839 2053 tibi
888 2000 1081 2054 fortius
1129 1999 1334 2070 aliquid
1383 2002 1437 2052 et
1476 1999 1620 2069 quod
1670 1999 1865 2053 sentias

167 2075 486 2128 inurendum
526 2077 627 2129 est.
665 2075 724 2127 in
761 2075 981 2128 exilium
1020 2078 1074 2128 et
1109 2075 1231 2128 loca
1267 2075 1455 2145 ignota
1492 2074 1733 2128 mitteris.
1810 2074 1867 2126 in

166 2153 220 2202 te
252 2149 468 2202 duriora
497 2149 774 2203 remedia
759 2169 866 2203 lam
898 2150 1070 2204 solida
1098 2149 1339 2219 nequitia
1363 2149 1647 2203 desiderat:
1678 2151 1732 2202 et
1753 2149 1867 2202 vin-

318 2295 345 2340 1
388 2297 490 2340 tum
532 2295 735 2346 maxime
769 2297 817 2342 A
857 2298 972 2341 tunc
1010 2311 1079 2340 m-
1124 2296 1262 2342 Gertz
1300 2296 1407 2351 fort.
1442 2301 1584 2351 recte;
1623 2296 1706 2341 hoc
1746 2296 1868 2340 enim

162 2357 340 2413 passim
370 2356 553 2401 obvium
582 2361 648 2402 est
676 2358 730 2401 in
759 2356 861 2403 Seu
896 2357 1047 2412 libris,
1076 2356 1218 2411 illud,
1248 2357 1291 2401 si
1320 2361 1437 2401 recte
1470 2356 1723 2410 observavi,
1754 2355 1868 2400 duo-

170 2417 255 2461 bus
291 2420 472 2461 tantum
510 2416 621 2461 locis
658 2416 787 2474 (dial.
819 2417 910 2461 111
938 2419 1009 2470 15,
1024 2419 1056 2461 2
1089 2421 1133 2461 et
1163 2420 1235 2471 19,
1249 2417 1298 2473 2)
1281 2414 1356 2476 )ΙΙ
1399 2415 1424 2460 7
1454 2415 1797 2470 monstrosique
1819 2415 1868 2459 A

171 2476 206 2533 <i
235 2488 270 2520 8.
287 2489 327 2520 v
346 2475 451 2520 add.
476 2476 582 2531 fort.
600 2490 658 2521 m.
679 2476 723 2534 1)
706 2474 781 2535 )ΙΙ
820 2475 881 2520 10
917 2451 1094 2520 iudicio
1125 2474 1227 2519 lata
1256 2475 1301 2520 L
1334 2475 1448 2533 voly.
1480 2474 1629 2518 iudici
1659 2473 1790 2519 olata
1819 2475 1867 2519 A

170 2534 346 2579 iudicio
383 2535 594 2592 irrogata
633 2535 833 2593 Madviy
875 2534 1052 2580 iudicio
1094 2534 1247 2579 inlata
1289 2534 1424 2580 Gertz
1468 2534 1645 2578 iudicio
1685 2534 1800 2578 data
1839 2544 1868 2577 ς

172 2595 271 2652 (cfr.
297 2594 399 2640 Sen.
430 2596 607 2653 Thyest.
634 2598 710 2653 74)
741 2595 918 2639 iudicio
949 2595 1050 2639 lata
1081 2596 1153 2639 est
1183 2594 1418 2639 sententia
1449 2595 1582 2639 Koch
1617 2593 1633 2653 Η
1674 2593 1733 2638 13
1761 2595 1868 2638 tan-

173 2655 280 2699 dem
310 2656 475 2712 scripsi
502 2657 603 2699 tam
627 2655 695 2710 A,
727 2655 810 2710 cfr.
843 2655 955 2700 dial.
980 2656 1145 2709 IV13‚
1163 2659 1190 2699 1
1230 2654 1247 2715 ΙΙ
1291 2653 1350 2699 19
1386 2653 1682 2713 ueneficlso(
1682 2654 1701 2697 i
1731 2653 1866 2711 eras.)

172 2716 218 2759 A
247 2713 264 2774 ΙΙ
294 2714 354 2759 20
384 2714 581 2759 remedii
611 2728 725 2760 corr
750 2729 807 2760 ex
844 2714 918 2758 -di
952 2715 1057 2770 fort.
1087 2714 1158 2760 A¹
1191 2713 1215 2774 Η
1258 2713 1315 2758 21
1354 2714 1409 2758 tu
1438 2714 1492 2758 in
1520 2727 1612 2758 ras.
1637 2712 1720 2768 Αἱ,
1752 2726 1870 2770 quae

171 2774 363 2819 scribere
393 2780 599 2831 coeperat
629 2774 725 2819 adh
756 2775 918 2820 omisso
942 2775 1214 2831 pronomine
1242 2773 1259 2833 Η
1295 2772 1355 2818 23
1384 2772 1629 2830 publicata
1652 2747 1752 2817 AL
1781 2786 1867 2829 p-11

173 2833 299 2878 blica
330 2845 358 2878 ς
387 2839 430 2878 et
457 2835 571 2892 voly.
610 2833 627 2894 ΙΙ
663 2833 723 2879 25
753 2847 847 2879 ιιοιι
877 2834 1045 2879 addidi
1072 2848 1174 2880 cum
1205 2834 1436 2879 Pinciano
1466 2833 1568 2891 (cfr.
1593 2831 1870 2886 Festschrift

177 2894 236 2939 G
221 2908 343 2951 Jmn
357 2895 503 2939 Μόν8
535 2895 671 2952 1896)

1898 879 1941 911 10

1898 1267 1941 1300 15

1898 1640 1944 1674 20

1897 2014 1944 2048 25
