2028 3106
393 56 477 100 AD
509 53 830 100 POLYBIVM
860 55 942 100 DE
975 52 1442 102 CONSOLA'I'IONE
1476 52 1604 100 CAP.
1631 60 1657 100 2
1773 57 1884 112 313

170 179 294 234 tuis.
359 178 489 249 quid
528 178 672 231 enim
712 178 795 231 illi
826 178 973 232 aliud
1004 177 1242 233 faceres?
1302 176 1586 248 pecuniam
1618 177 1887 248 eriperes?
1918 192 1944 232 3

170 272 468 324 numquam
514 253 598 306 illi
645 253 910 307 obnoxius
957 254 1086 324 fuit3
1138 271 1284 307 nunc
1330 270 1567 322 quoque,
1623 256 1887 321 quantum

172 332 376 399 potest,
422 329 572 381 illam
622 347 655 381 a
701 346 756 381 se
804 329 975 400 abigit
1020 331 1074 382 et
1118 328 1177 381 in
1199 330 1366 389 ,tanta
1403 327 1662 380 facilitate
1702 327 1888 397 adqui·

172 404 326 458 rendi
371 403 582 457 nullum
628 403 890 457 maiorem
930 422 997 457 ex
1034 421 1096 457 ea
1133 402 1371 456 fructum
1412 419 1573 471 quam
1613 405 1888 472 contemp-

120 499 141 532 ε
172 482 290 533 tum
326 479 438 533 eius
469 477 622 548 petit.
685 478 916 548 eriperes
949 478 1031 532 illi
1062 475 1305 532 amicos?
1366 477 1569 541 sciebas
1602 479 1714 530 tam
1747 495 1889 530 ama·
1920 491 1948 530 4
1984 467 2002 552 ἶ

172 554 338 607 bilem
386 571 520 622 esse,
559 555 623 606 ut
661 552 819 607 facile
858 554 916 606 in
952 554 1134 607 locum
1176 551 1496 606 amissorum
1533 555 1716 622 posset
1753 551 1888 605 alios
1968 613 1989 630 „

173 629 519 697 substituere3
564 646 735 680 unum
782 628 926 681 enim
971 628 1116 682 hunc
1162 646 1229 681 ex
1275 627 1376 696 eis,
1422 644 1558 696 quos
1598 627 1656 680 in
1694 627 1890 696 princi-

172 704 284 774 pali
324 703 483 756 domo
524 705 772 772 potentes
812 702 947 772 vidi,
986 702 1304 774 cognovisse
1335 700 1545 771 videor,
1585 719 1746 771 quem
1779 720 1890 755 om·

24 837 26 842 ⁸
172 779 332 832 nibus
364 777 596 831 amicum
627 777 825 831 habere
858 795 981 832 cum
1013 777 1277 847 expediat,
1307 776 1481 848 magis
1512 779 1696 831 tamen
1728 777 1890 831 etiam

99 874 142 906 ιο
173 854 318 907 libet.
382 852 612 923 eriperes
645 852 726 906 illi
757 853 956 907 bonam
988 851 1336 923 opinionem?
1389 850 1615 905 solidior
1646 855 1728 906 est
1758 852 1891 907 haec
1922 864 1949 905 5

174 928 317 999 apud
364 946 510 997 eum,
559 946 721 998 quam
769 932 831 982 ut
870 947 902 981 a
939 931 993 982 te
1033 946 1249 999 quoque
1287 927 1408 998 ipsa
1446 927 1664 982 concuti
1702 927 1889 998 possit.

174 1004 403 1075 eriperes
465 1003 666 1057 bonam
728 1003 1130 1057 valetudinem?
1207 1003 1411 1058 sciebas
1473 1002 1715 1056 animum
1777 1003 1890 1057 eius

172 1078 482 1133 liberalibus
539 1078 863 1149 disciplinis,
920 1078 1114 1148 quibus
1168 1097 1282 1133 non
1329 1078 1624 1132 innutritus
1676 1081 1890 1132 tantum

14 1212 15 1215 Ἴ
174 1155 266 1208 sed
316 1154 533 1208 innatus
584 1157 690 1224 est,
741 1154 818 1208 sic
868 1173 982 1207 esse
1034 1153 1345 1224 fundatum,
1393 1156 1456 1206 ut
1505 1170 1669 1223 supra
1715 1156 1890 1207 omnis

99 1247 141 1281 ιε
172 1229 414 1299 corporis
466 1228 679 1283 dolores
731 1229 1004 1283 emineret.
1081 1229 1313 1299 eriperes
1361 1227 1650 1299 spiritum?
1726 1246 1892 1298 quan-
1923 1240 1950 1280 6

24 1312 25 1315 ’
171 1305 348 1357 tulum
386 1304 687 1359 nocuisses!
764 1304 1145 1376 longissimum
1184 1304 1267 1357 illi
1304 1303 1489 1376 ingeni
1524 1321 1716 1357 aevum
1746 1303 1893 1357 fama

171 1379 447 1450 promisit3
486 1379 541 1433 id
581 1380 694 1451 egit
731 1379 870 1450 ipse,
907 1382 969 1432 ut
1007 1379 1230 1434 meliore
1270 1380 1355 1433 sui
1392 1381 1545 1450 parte
1585 1378 1801 1433 duraret
1839 1381 1894 1433 et

172 1455 489 1525 compositis
522 1455 860 1525 eloquentiae
891 1454 1182 1524 praeclaris
1216 1454 1467 1525 operibus
1500 1473 1532 1508 a
1562 1454 1893 1508 mortalitate

172 1548 228 1583 se
283 1529 592 1584 vindicaret.
673 1547 834 1599 quam
890 1529 984 1584 diu
1038 1530 1202 1584 fuerit
1254 1530 1399 1584 uHus
1452 1529 1649 1584 litteris
1702 1529 1894 1599 honor,

96 1622 141 1656 no
172 1623 334 1675 quam
389 1604 482 1658 diu
537 1605 745 1659 steterit
800 1608 895 1659 aut
948 1604 1174 1660 Latinae
1226 1605 1446 1678 linguae
1500 1605 1745 1676 potentia
1799 1607 1893 1659 aut

172 1678 402 1734 Graecae
442 1680 638 1752 gratia,
678 1680 885 1753 vigebit
924 1699 1049 1735 cum
1089 1680 1340 1735 maximis
1379 1680 1531 1751 viris,
1572 1698 1803 1751 quorum
1836 1698 1891 1735 se

170 1756 402 1828 ingeniis
453 1756 542 1809 vel
591 1756 824 1811 contulit
874 1757 982 1827 vel,
1035 1757 1081 1811 si
1129 1756 1236 1812 hoc
1284 1755 1606 1811 verecundia
1652 1756 1766 1811 eius
1812 1774 1892 1811 re·
1970 1779 1978 1807 ς

170 1834 347 1901 cusat,
408 1831 687 1902 applicuit.
765 1831 905 1903 [22]
966 1832 1072 1887 hoc
1134 1850 1263 1905 ergo
1326 1851 1495 1886 unum
1557 1830 1893 1904 excogitasti,
1925 1829 1979 1883 '1‘

172 1906 444 1977 quomodo
496 1908 731 1962 maxime
782 1907 865 1961 illi
913 1926 1098 1978 posses
1149 1925 1366 1979 nocere;
1416 1925 1523 1978 quo
1572 1907 1764 1962 melior
1810 1909 1893 1962 est

97 1999 141 2034 π
171 1983 314 2036 enim
355 1983 608 2053 quisque,
644 1984 750 2038 hoc
790 1984 1003 2054 saepius
1043 1983 1180 2038 ferre
1218 1987 1272 2037 te
1311 1982 1593 2038 consuevit
1631 1983 1746 2037 sine
1776 1983 1890 2038 ullo

173 2058 372 2113 dilectu
421 2058 689 2113 furentem
745 2062 799 2113 et
853 2060 994 2114 inter
1047 2059 1166 2130 ipsa
1217 2059 1477 2114 beneficia
1531 2058 1897 2116 metuendam.

173 2134 494 2203 quantulum
534 2138 648 2188 erat
686 2134 787 2189 tibi
827 2134 1121 2189 immunem
1161 2134 1226 2188 ab
1258 2133 1361 2189 hac
1392 2134 1590 2189 iniuria
1620 2137 1891 2205 praestare

172 2227 294 2262 eum
319 2208 612 2280 hominem,
636 2210 693 2263 in
719 2229 880 2280 quem
896 2210 1180 2264 videbatur
1204 2209 1541 2285 indulgentia
1563 2213 1659 2264 tua
1681 2210 1890 2264 ratione
1923 2197 1997 2247 Ἥ
2012 2237 2026 2244 -·

1544 2280 1700 2296 *vr-“⁰''

171 2287 318 2338 certa
355 2285 660 2355 pervenisse
700 2288 754 2340 et
791 2304 904 2340 non
943 2305 1008 2340 ex
1045 2289 1140 2339 tuo
1174 2303 1323 2340 more
1354 2288 1555 2340 temere
1587 2275 2028 2399 ιῑιῡιἑῖἷιέἐὶξῗῗῗἌ4

322 2416 347 2461 1
382 2417 455 2462 illi
488 2417 620 2462 aliud
654 2419 693 2465 G
733 2418 865 2463 aliud
897 2418 969 2463 illi
993 2419 1094 2464 FV
1125 2419 1142 2478 ΙΙ
1183 2418 1213 2463 3
1253 2417 1406 2476 abigit
1439 2419 1639 2477 Madvig}
1670 2417 1820 2463 abicit
1843 2418 1895 2464 F

172 2475 340 2521 abiicit
364 2478 417 2523 E
453 2477 629 2524 abiecit
652 2479 768 2524 ΒΗ
774 2479 871 2525 GV
897 2478 1072 2524 subicit
1093 2480 1144 2525 D
1183 2478 1318 2523 illam
1351 2477 1442 2523 sibi
1475 2478 1650 2523 subicit
1674 2478 1846 2524 Mueck
1874 2477 1892 2537 ΙΙ

172 2536 202 2582 4
225 2537 452 2583 maiorem
477 2552 535 2584 ex
559 2552 616 2583 ea
640 2540 749 2585 BE
777 2553 835 2584 ex
858 2553 916 2584 ea
939 2539 1165 2584 maiorem
1191 2540 1230 2585 Ο
1257 2539 1274 2598 ΙΙ
1304 2538 1361 2583 11
1388 2552 1417 2583 a
1440 2540 1487 2584 te
1513 2552 1698 2596 quoque
1722 2539 1829 2596 ipsa
1854 2539 1894 2585 G

173 2597 234 2641 ad
265 2599 313 2643 te
346 2612 534 2655 quoque
565 2599 660 2643 iam
685 2600 732 2644 Β
763 2600 780 2659 ΙΙ
811 2599 870 2644 16
896 2599 1089 2657 ingenia
1113 2613 1254 2645 euum
1279 2599 1409 2643 fama
1442 2602 1502 2657 (=·
1529 2599 1692 2657 ingeni
1716 2612 1818 2644 aeu.
1837 2597 1889 2657 f.)

172 2657 394 2703 DEHG
425 2658 601 2716 ingena
633 2662 681 2717 (a
711 2665 941 2716 expuncta
972 2660 1007 2704 ii
1038 2674 1072 2705 8.
1099 2675 1139 2705 v.
1164 2660 1272 2705 add.
1298 2674 1356 2705 m.
1380 2661 1428 2717 2)
1462 2663 1552 2704 eufi
1584 2659 1714 2704 fama
1737 2660 1783 2704 Β
1815 2659 1890 2704 in-

207 2730 329 2762 enua
360 2731 501 2764 enum
534 2718 664 2764 fama
688 2720 739 2765 F
747 2721 789 2765 V
813 2733 978 2764 aevum
1003 2719 1185 2778 ingenii
1209 2719 1339 2764 fama
1361 2721 1473 2777 τοῖς.
1504 2719 1695 2778 ingenio
1721 2732 1889 2766 aevum

195 2790 302 2821 ama
319 2778 506 2824 Fickert
528 2779 545 2838 ΙΙ
568 2779 629 2824 24
644 2793 737 2837 quo
755 2779 922 2825 melior
937 2782 1010 2824 est
1026 2779 1151 2825 enim
1169 2780 1368 2837 quisque
1387 2780 1520 2825 Koch
1535 2780 1636 2825 coll.
1646 2794 1695 2837 p.
1710 2782 1816 2836 314,
1832 2784 1888 2825 17

174 2851 267 2893 quo
310 2838 475 2884 melior
514 2842 587 2884 est
626 2840 751 2885 enim
783 2840 997 2897 quisquis
1030 2840 1137 2885 BF
1177 2854 1268 2897 quo
1301 2839 1467 2885 melior
1498 2839 1624 2885 enim
1656 2841 1728 2885 est
1760 2839 1888 2897 quis-

174 2910 266 2954 que
291 2898 402 2943 DE
431 2904 473 2944 et
503 2900 616 2958 τοῖς.
649 2900 666 2959 Η
695 2899 756 2945 25
786 2900 908 2945 ferre
940 2902 988 2947 te
1014 2901 1061 2946 Β
1092 2902 1140 2946 te
1172 2900 1293 2946 ferre
1316 2900 1427 2945 DE
