2034 3086
447 73 530 118 DE
562 72 952 119 CONSTANTIA
983 73 1299 119 SAPIENTIS
1333 73 1462 120 CAP.
1489 80 1544 120 13
1779 78 1850 133 37

140 198 321 266 itaque
374 214 442 250 ne
495 198 772 251 succenset
818 196 1058 266 quidem,
1111 197 1158 251 si
1209 197 1339 267 quid
1377 196 1436 251 in
1473 199 1662 252 morbo
1702 201 1854 269 petu-

138 271 339 325 lantius
393 272 511 325 ausi
563 274 690 326 sunt
743 271 996 326 adversus
1043 272 1368 342 medentem,
1422 275 1476 326 et
1523 291 1630 343 quo
1671 274 1851 328 animo

138 346 371 399 honores
426 365 612 400 eorum
665 345 838 399 nihilo
894 347 1165 417 aestimat,
1217 347 1405 400 eodem
1452 366 1643 417 parum
1683 348 1853 402 hono·

138 421 287 474 rifice
326 420 481 474 facta.
538 420 990 490 quemadmodum
1021 439 1133 475 non
1171 422 1407 491 placebit
1445 422 1571 491 sibi,
1610 424 1656 476 si
1694 424 1852 477 illum
1884 438 1911 478 3

139 495 415 549 mendicus
470 495 720 564 coluerit,
771 514 870 550 nec
916 497 1301 550 contumeliam
1348 497 1631 567 iudicabit,
1685 498 1731 551 si
1770 498 1854 551 illi

137 570 303 624 homo
357 570 531 640 plebis
583 571 806 624 ultimae
860 571 1118 625 salutanti
1172 574 1416 625 mutuam
1472 573 1848 626 salutationem

138 664 249 699 non
285 645 598 714 reddiderit,
636 646 714 699 sic
750 664 819 698 ne
858 646 1116 715 suspiciet
1147 646 1388 716 quidem,
1428 648 1473 700 si
1505 647 1661 700 illum
1692 648 1853 701 multi

137 720 329 773 divites
376 720 714 790 suspexerint
754 750 827 758 —
865 721 968 774 scit
1006 721 1149 774 enim
1189 721 1313 774 illos
1351 721 1491 774 nihil
1523 741 1555 775 a
1592 722 1851 777 mendicis

137 794 373 864 differre,
425 795 591 848 immo
646 794 950 849 miseriores
1005 814 1144 866 esse,
1197 796 1281 849 illi
1334 796 1478 849 enim
1525 798 1746 868 exiguo,
1791 797 1852 850 hi

135 870 310 923 multo
356 873 516 941 egent
554 901 625 908 —
665 872 719 924 et
763 889 949 924 rursus
995 889 1108 924 non
1152 873 1427 942 tangetur,
1478 871 1525 925 si
1563 871 1719 925 illum
1757 891 1852 926 rex

133 944 415 999 Medorum
452 944 737 999 Attalusve
777 943 938 1000 Asiae
977 947 1300 1000 salutantem
1341 946 1555 1000 silentio
1596 965 1659 1001 ac
1695 947 1852 1001 vultu

134 1020 408 1091 arroganti
446 1021 732 1074 transierit.
789 1021 891 1074 scit
929 1023 1131 1074 statum
1162 1022 1277 1076 eius
1307 1040 1420 1075 non
1451 1022 1623 1093 magis
1655 1022 1851 1076 habere

134 1094 424 1166 quicquam
474 1095 824 1149 invidendum
879 1113 1041 1180 quam
1088 1097 1228 1165 eius,
1280 1097 1369 1150 cui
1414 1097 1472 1150 in
1525 1115 1722 1169 magna
1775 1098 1852 1151 fa·

134 1170 284 1224 milia
322 1188 452 1224 cura
491 1171 692 1241 optigit
729 1189 918 1241 aegros
955 1171 1289 1242 insanosque
1311 1190 1663 1242 compescere
1717 1191 1850 1226 num
1883 1188 1910 1227 4

133 1245 358 1299 moleste
411 1245 604 1330 feram,
658 1246 704 1298 si
749 1245 885 1299 mihi
930 1264 1043 1299 non
1087 1246 1378 1300 reddiderit
1415 1265 1615 1300 nomen
1654 1247 1851 1332 aliquis

131 1337 199 1373 ex
234 1319 345 1389 his,
395 1321 489 1389 qui
535 1320 602 1373 ad
643 1318 879 1374 Castoris
924 1322 1272 1392 negotiantur
1308 1339 1542 1390 nequam
1581 1323 1854 1392 mancipia

130 1398 365 1449 ementes
396 1394 808 1465 vendentesque,
831 1413 1062 1465 quorum
1085 1397 1337 1450 tabernae
1363 1397 1722 1466 pessimorum
1747 1416 1853 1451 ser-

131 1488 321 1523 vorum
359 1470 520 1523 turba
557 1470 783 1523 refertae
823 1470 985 1524 sunt?
1058 1489 1195 1540 11011,
1238 1474 1301 1524 ut
1339 1475 1498 1541 put03
1538 1471 1668 1541 quid
1707 1473 1851 1525 enim

131 1544 176 1598 is
214 1544 344 1598 boni
381 1543 569 1613 habet,
606 1545 706 1598 sub
748 1562 856 1615 quo
895 1564 1055 1598 nemo
1094 1546 1201 1599 nisi
1239 1546 1414 1600 malus
1455 1546 1572 1599 est?
1627 1565 1756 1618 ergo
1789 1550 1852 1600 ut

129 1618 291 1673 huius
336 1618 730 1673 humanitatem
778 1618 1335 1691 inhumanitatemque
1372 1621 1636 1693 neglegit,
1681 1622 1759 1674 ita
1797 1617 1850 1675 et

129 1695 295 1766 regis:
341 1693 524 1748 ‘habes
578 1695 678 1748 sub
732 1697 786 1748 te
825 1693 1055 1749 Parthos
1106 1699 1159 1749 et
1197 1695 1384 1751 Medos
1425 1700 1479 1750 et
1516 1696 1850 1766 Bactrianos,

130 1768 223 1822 sed
277 1786 413 1839 quos
468 1772 616 1823 metu
663 1770 930 1840 contines,
984 1769 1076 1824 sed
1124 1774 1348 1841 propter
1393 1789 1529 1840 quos
1577 1772 1849 1825 remittere

130 1861 314 1898 arcum
366 1844 467 1898 tibi
520 1862 631 1898 non
684 1845 937 1916 contigit,
990 1845 1083 1899 sed
1136 1845 1319 1901 hostes
1373 1847 1702 1917 teterrimos,
1756 1847 1848 1901 sed

130 1919 360 1989 venales,
389 1918 482 1973 sed
510 1937 714 1973 novum
738 1924 1067 1990 aucupantes
1100 1920 1415 1975 dominium.
1420 1921 1436 1944 ’
1488 1922 1692 1976 nulh'us
1717 1940 1846 1993 ergo
1881 1935 1907 1975 6

131 1993 436 2048 movebitur
473 1995 822 2065 contumelia3
870 2013 1057 2049 omnes
1105 1996 1249 2050 enim
1298 1997 1438 2050 inter
1488 2016 1544 2051 00
1584 1997 1849 2067 differant,

130 2069 342 2153 sapiens
382 2068 597 2140 quidem
638 2089 792 2156 pares
834 2070 957 2125 illos
987 2070 1056 2124 ob
1089 2072 1367 2141 aequalem
1407 2072 1694 2126 stultitiam
1735 2090 1848 2126 om-

130 2143 214 2198 nis
251 2147 410 2215 putat
448 2174 519 2183 —
551 2163 677 2198 nam
716 2146 762 2200 si
801 2146 967 2200 semel
1006 2164 1062 2200 00
1101 2146 1376 2200 demiserit
1414 2165 1502 2216 ec,
1540 2150 1602 2200 ut
1636 2149 1731 2201 aut
1769 2147 1847 2200 in·

132 2218 269 2272 iuria
320 2223 601 2274 moveatur
654 2223 747 2274 aut
794 2221 1146 2290 contumelia,
1197 2240 1309 2275 non
1356 2222 1556 2292 poterit
1605 2240 1844 2292 unquam

130 2310 245 2347 0000
267 2312 509 2363 000010ος
539 2296 796 2349 securitas
825 2299 1004 2350 autem
1036 2297 1319 2366 proprium
1351 2297 1554 2350 bonum
1588 2297 1845 2368 sapientis

129 2371 212 2422 est
246 2398 323 2408 —
359 2387 459 2424 nec
504 2371 829 2440 committet,
875 2374 935 2425 ut
982 2371 1269 2425 iudicando
1317 2373 1700 2426 contumeliam
1741 2372 1845 2427 sibi

279 2484 310 2531 4
354 2486 718 2544 quemamodum
753 2490 797 2534 A
844 2488 861 2548 ΙΙ
909 2489 934 2534 7
973 2501 1023 2534 00
1058 2495 1165 2535 ante
1205 2488 1245 2534 01
1278 2489 1386 2535 add
1426 2489 1585 2546 Gertz,
1622 2490 1712 2535 alii
1749 2490 1846 2535 αῑιο

129 2546 253 2601 10005
297 2561 392 2592 non
440 2547 531 2593 vid.
576 2550 884 2595 necessarium
899 2549 943 2653 11
1010 2548 1041 2595 8
1090 2549 1388 2607 suspexerint
1427 2549 1496 2595 A¹
1543 2563 1671 2608 resp·
1719 2546 1790 2596 A⁶
1819 2549 1869 2609 Η·

131 2605 192 2651 10
223 2604 514 2713 <Xerxesg
545 2621 628 2653 rex
662 2608 800 2654 Gertz
839 2608 924 2669 ΙΙΙ
976 2622 1104 2669 asye
1128 2611 1175 2655 A
1215 2610 1221 2670 Ι
1275 2609 1336 2655 14
1366 2622 1503 2668 egros
1527 2610 1573 2656 A
1615 2609 1633 2670 ΙΙ
1676 2608 1736 2655 16
1765 2624 1845 2655 ne-

130 2678 225 2723 qua
273 2667 317 2712 A
374 2667 392 2727 ΙΙ
558 2668 794 2727 contingit
842 2680 871 2714 ς
931 2670 937 2728 Ι
999 2668 1159 2714 hostes
1269 2669 1487 2715 terrimos
1550 2669 1691 2716 Gertz
1741 2684 1844 2716 cum

133 2740 376 2800 Madviyw
415 2744 523 2801 (tet-
554 2745 600 2798 ς)
638 2743 913 2801 posttrimos
946 2744 992 2790 A
1031 2743 1115 2789 sed
1147 2758 1264 2802 quos
1295 2746 1350 2790 tu
1380 2744 1544 2791 tremis
1578 2744 1844 2791 dubitanter

132 2755 376 2847 Karsten
379 2801 398 2862 ΙΙ
440 2801 501 2848 24
540 2802 800 2849 domimum
840 2815 869 2849 ς
911 2758 1179 2849 dominumq
1190 2805 1235 2850 A
1281 2804 1299 2865 ΙΙ
1343 2803 1404 2850 25
1443 2803 1668 2851 differant
1704 2804 1844 2851 Gertz

129 2859 440 2967 ἔιξῖιῖιιιξίῖί,
469 2863 592 2920 quod
622 2865 691 2909 ita
721 2864 927 2919 defendit
955 2864 1144 2921 Mueck,
1170 2870 1221 2910 ut
1245 2878 1442 2911 omnes
1508 2863 1644 2912 .diff.
1670 2866 1843 2911 ironice
