2028 3106
203 90 315 145 264
535 89 584 133 L.
610 89 847 133 ANNAEI
878 88 1153 135 SENECAE
1183 90 1341 137 DIAL.
1366 91 1478 136 LIB.
1499 91 1574 137 IX.

202 210 332 264 fecit
368 210 731 264 habitabilem.
794 210 987 264 adhibe
1018 211 1280 265 rationem
1313 212 1746 267 difficultatibus:
1783 233 1903 284 pos-

204 288 330 338 sunt
379 288 465 338 et--
478 286 610 337 dura
654 285 856 338 molliri
894 289 947 338 et
985 289 1214 356 angusta
1250 287 1421 339 laxari
1460 291 1514 340 et
1552 288 1735 358 gravia
1773 290 1903 343 scite

201 359 421 412 ferentis
460 359 637 411 minus
668 377 923 428 premere.
983 378 1094 412 non
1125 363 1252 413 sunt
1281 364 1554 430 praeterea
1584 363 1902 431 cupiditates

201 434 260 486 in
296 433 655 503 longinquum
705 434 1020 502 mittendae,
1073 435 1166 487 sed
1204 435 1261 487 in
1299 435 1536 488 vicinum
1576 435 1684 488 illis
1723 437 1903 507 egredi

201 507 597 576 permittamus,
644 507 899 575 quoniam
945 508 1150 561 includi
1195 527 1261 561 ex
1305 511 1423 563 toto
1462 527 1573 562 non
1610 511 1902 579 patiuntur.

200 581 401 634 relictis
453 581 524 649 is,
580 598 716 649 quae
770 585 864 634 aut
911 600 1023 634 non
1060 585 1289 651 pessunt
1326 583 1444 636 fieri
1483 587 1577 636 aut
1615 584 1904 638 difficulter

201 658 448 724 possunt,
479 672 649 724 prope
680 656 858 724 posita
889 656 1110 724 speique
1140 660 1355 710 nostrae
1387 657 1695 710 adludentia
1718 676 1904 728 sequa·

201 747 345 797 mur,
395 728 488 782 sed
527 730 757 782 sciamus
797 731 977 782 omnia
1015 748 1182 799 aeque
1219 731 1360 783 levia
1399 749 1536 799 esse,
1575 732 1903 786 extrinsecus

202 803 436 856 diversas
490 803 652 856 facies
702 802 977 872 habentia,
1027 804 1291 858 introrsus
1342 806 1543 874 pariter
1579 825 1730 859 vana.
1805 824 1905 860 nec

200 877 533 930 invideamus
583 877 744 930 altius
796 879 1082 931 stantibus:
1134 896 1270 948 quae
1319 880 1528 933 excelsa
1573 881 1904 950 videbantur,

200 955 489 1022 praerupta
519 954 656 1005 sunt.
719 953 800 1005 illi
831 970 1038 1021 rursus,
1069 971 1203 1022 quos
1236 972 1350 1007 sors
1381 955 1567 1024 iniqua
1597 955 1655 1008 in
1685 956 1907 1025 ancipiti

200 1027 404 1096 posuit,
442 1027 668 1080 tutiores
708 1031 865 1080 erunt
903 1027 1209 1097 superbiam
1249 1028 1576 1082 detrahendo
1619 1030 1777 1083 rebus
1810 1049 1906 1100 per

201 1119 257 1154 se
304 1100 546 1170 superbis
586 1104 640 1154 et
677 1102 949 1155 fortunam
988 1120 1139 1156 suam
1178 1120 1341 1171 quam
1380 1104 1611 1157 maxime
1650 1107 1905 1174 poterunt

200 1176 258 1227 in
288 1175 510 1244 planum
543 1175 841 1229 deferendo.
903 1177 1063 1229 multi
1088 1176 1303 1245 quidem
1329 1181 1478 1246 sunt,
1509 1178 1704 1247 quibus
1727 1196 1904 1232 neces-

201 1250 340 1302 sario
372 1249 698 1303 haerendum
730 1251 800 1303 sit
830 1250 887 1303 in
917 1250 1136 1322 fastigio
1169 1269 1292 1320 suo,
1322 1269 1389 1304 ex
1412 1269 1518 1320 quo
1541 1270 1654 1305 non
1676 1256 1906 1322 possunt

199 1323 306 1376 nisi
337 1323 574 1377 cadendo
606 1324 944 1393 descendere,
977 1326 1069 1379 sed
1099 1325 1204 1379 hoc
1234 1326 1414 1395 ipsum
1444 1329 1710 1380 testentur
1738 1328 1905 1380 maxi-

201 1416 351 1451 mum
391 1415 526 1451 onus
566 1417 722 1451 suum
754 1417 894 1467 esse,
932 1399 1077 1468 quod
1108 1400 1227 1453 aliis
1259 1417 1449 1470 graves
1482 1419 1596 1454 esse
1628 1404 1906 1472 cogantur,

200 1489 301 1526 nec
339 1472 644 1526 sublevatos
684 1491 739 1526 se
779 1473 871 1526 sed
909 1473 1158 1527 suffixos:
1204 1475 1433 1543 iustitia,
1479 1476 1903 1544 mansuetudine,

200 1546 560 1616 humanitate,
606 1547 758 1618 larga
804 1550 858 1600 et
901 1546 1137 1617 benigna
1174 1566 1338 1601 manu
1376 1552 1696 1618 praeparent
1732 1550 1904 1603 muita

122 1633 145 1666 a·
202 1620 269 1673 ad
330 1621 590 1674 secundos
652 1638 806 1674 casus
867 1622 1154 1691 praesidia,
1216 1639 1447 1691 quorum
1509 1641 1603 1693 spe
1664 1623 1902 1677 securius

201 1695 478 1764 pendeant.
555 1687 695 1748 nihil
731 1699 913 1748 tamen
951 1715 1119 1766 aeque
1156 1715 1255 1750 nos
1296 1697 1363 1750 ab
1402 1697 1486 1751 his
1526 1698 1692 1751 animi
1730 1698 1903 1752 flucti-

202 1769 302 1822 bus
350 1769 724 1839 vindicaverit,
783 1788 944 1840 quam
1001 1788 1212 1841 semper
1267 1771 1501 1841 aliquem
1559 1772 1901 1826 incrementis

201 1844 490 1897 terminum
521 1844 710 1915 figere,
738 1863 838 1899 nec
868 1844 1115 1899 fortunae
1146 1845 1426 1899 arbitrium
1457 1846 1733 1900 desinendi
1764 1847 1902 1915 dare,

203 1919 323 1972 sed
307 1936 454 1988 ipsos
471 1920 642 1972 multo
661 1919 878 1989 quidem
895 1919 1028 1972 citra
1040 1920 1286 2005 exempla
1296 1920 1578 1974 hortentur
1591 1922 1901 1975 consistere:

204 1993 281 2047 sic
333 1996 384 2047 et
434 1993 642 2063 aliquae
705 1994 1024 2063 cupiditates
1083 1995 1323 2048 animum
1375 1998 1569 2049 acuent
1621 1999 1675 2049 et
1719 1996 1902 2050 finitae

201 2086 313 2121 non
349 2068 409 2122 in
445 2068 768 2122 immensum
806 2068 1176 2138 incertumque
1213 2069 1524 2139 producent.

352 2303 382 2348 4
403 2303 454 2348 in
476 2303 556 2348 lon
558 2304 737 2361 ginqua
760 2305 807 2349 A
830 2318 943 2349 corr.
969 2305 1082 2362 voly.
1106 2304 1123 2363 11
1153 2303 1182 2348 5
1204 2309 1311 2361 post
1333 2303 1515 2348 includi
1539 2306 1671 2350 Koch
1694 2319 1742 2349 se
1766 2305 1903 2360 add&

204 2363 362 2408 dubito
399 2364 497 2408 coll.
530 2363 643 2409 dial.
677 2364 730 2408 X
760 2367 832 2418 14,
846 2367 878 2408 2
910 2365 1025 2408 Hor.
1050 2378 1086 2408 c.
1118 2365 1223 2419 12,
1247 2368 1306 2409 43
1344 2365 1471 2420 εμπ.
1504 2365 1607 2420 15,
1632 2367 1714 2419 15;
1745 2369 1819 2419 16,
1842 2368 1904 2410 29

215 2423 330 2480 Very
359 2424 475 2468 Aen.
495 2423 624 2468 VIII
642 2425 733 2468 577
755 2422 771 2482 ΙΙ
800 2422 830 2466 6
859 2423 934 2480 isq
943 2422 1048 2477 3A¹
1070 2422 1144 2467 his
1168 2435 1289 2478 quae
1313 2423 1384 2467 A'
1392 2425 1447 2480 (⁴2)
1478 2422 1494 2482 Η
1525 2423 1580 2468 11
1605 2438 1763 2467 rursus
1786 2424 1901 2482 volq.

206 2482 414 2541 auerlsus
438 2481 506 2527 A²
528 2496 643 2527 corr.
668 2496 724 2526 ex
756 2482 850 2540 aur}
858 2497 935 2526 sus
959 2482 975 2542 ΙΙ
1005 2482 1063 2526 12
1085 2482 1244 2539 posuit
1266 2492 1295 2527 ς
1324 2482 1460 2538 (ρίιιὶὺ
1482 2484 1528 2528 A
1557 2483 1574 2542 ΙΙ
1603 2483 1662 2527 19
1685 2483 1902 2527 humani-

204 2542 306 2585 tate
341 2542 535 2598 Lipsius
574 2541 784 2585 humana
826 2543 874 2598 (a
910 2544 1111 2598 sequenti
1146 2556 1250 2587 voce
1286 2543 1420 2587 solito
1457 2543 1628 2587 maiore
1660 2543 1903 2587 intervallo

205 2602 483 2657 separatum)
467 2601 563 2657 )A
605 2601 609 2659 Ι
651 2600 757 2658 larg
758 2614 787 2644 a
818 2600 889 2645 A⁶
924 2600 1087 2658 largea
1117 2600 1187 2645 A²
1226 2601 1244 2660 ΙΙ
1283 2600 1343 2645 20
1378 2601 1603 2645 secundos
1627 2602 1696 2656 A,
1727 2603 1904 2657 confert

212 2659 347 2705 Gertz
383 2660 506 2705 Suet.
547 2660 704 2706 Othon.
724 2615 772 2705 9
811 2659 828 2719 ΙΙ
872 2659 933 2705 23
968 2661 1104 2705 verba
1141 2673 1227 2704 nec
1264 2658 1482 2704 fortunae
1515 2694 1524 2704 .
1549 2694 1562 2706 .
1590 2697 1599 2705 .
1634 2661 1898 2706 consistere.

212 2719 347 2764 Gertz
388 2725 504 2765 reete
543 2721 614 2764 ita
654 2720 875 2776 explicat:
918 2721 966 2764 et
1008 2719 1221 2776 exempla
1264 2720 1434 2776 (eorum
1469 2721 1565 2764 scil.
1602 2721 1683 2776 qui
1718 2734 1813 2764 non
1848 2721 1901 2764 in

208 2785 402 2836 tempore
443 2781 755 2836 constiterunt)
802 2779 1048 2824 hortentur
1092 2793 1186 2824 non
1232 2778 1345 2823 dare
1390 2779 1607 2823 fortunae
1654 2778 1901 2823 arbitrium

210 2838 475 2893 desinendi,
518 2838 602 2883 sed
644 2839 770 2895 ipsos
813 2839 934 2883 citra
976 2841 1023 2895 (i.
1049 2853 1082 2885 e.
1116 2844 1359 2895 antequam
1394 2839 1586 2893 fortuma
1622 2853 1711 2884 sua
1743 2844 1902 2896 sponte

210 2898 405 2955 desinat)
438 2898 704 2944 consistere.

1939 898 1982 931 10

1938 1268 1980 1302 15

1935 2010 1979 2044 25
