2028 3106
0 2973 34 3033 ζ

4 3031 57 3066 ἦάκ
72 3042 110 3065 γ’
127 3032 156 3067 ,1ζί
173 3039 197 3064 lx

227 64 334 133 322
552 76 602 121 L.
627 77 863 121 ANNAEI
894 77 1168 123 SENECAE
1200 79 1359 124 DIAL.
1386 80 1496 126 LIB.
1521 80 1598 125 XI.

227 201 328 267 est,
380 217 503 253 cum
550 199 616 252 ad
662 198 951 252 utilitatem
998 200 1239 270 respicit,
1289 219 1320 254 a
1365 201 1564 271 pietate
1615 203 1929 274 desciscere3

225 273 365 326 nihil
402 277 581 327 autem
620 274 796 327 minus
836 273 979 328 bono
1019 275 1135 328 viro
1176 276 1425 329 convenit
1464 295 1626 347 quam
1664 279 1722 332 in
1751 279 1929 332 fratris

227 349 379 403 luctu
419 349 652 402 calculos
692 367 902 419 ponere.
982 349 1029 403 si
1067 350 1212 404 illius
1251 351 1468 404 nomine
1501 351 1656 406 doleo
1664 394 1680 422 ,
1717 371 1930 408 necesse

228 426 309 476 est
362 423 679 487 alterutrum
731 441 797 477 ex
844 424 928 477 his
979 423 1188 478 duobus
1240 444 1352 480 esse
1403 426 1656 480 iudicem:
1707 447 1835 482 nam
1886 429 1932 482 si

226 498 409 551 nullus
457 497 724 551 defunctis
772 516 956 552 sensus
1005 502 1271 569 superest,
1325 500 1493 554 evasit
1540 502 1723 555 omnia
1766 502 1934 556 frater

227 590 375 626 meus
414 572 556 626 vitae
594 571 937 626 incommoda
974 576 1028 627 et
1065 573 1123 627 in
1161 592 1283 628 eum
1313 575 1592 630 restitutus
1625 579 1706 629 est
1735 577 1932 647 locum,

228 647 284 700 in
332 664 437 715 quo
483 646 660 700 fuerat
707 650 996 717 antequam
1040 651 1370 719 nasceretur,
1420 653 1473 703 et
1520 669 1708 721 expers
1756 652 1931 706 omnis

228 721 356 774 mali
401 720 542 775 nihil
586 721 765 791 timet,
809 722 949 776 nihil
995 724 1166 793 cupit,
1212 723 1351 777 nihil
1395 725 1622 794 patitur:
1671 727 1789 796 quis
1828 727 1930 780 iste

226 795 376 849 furor
426 799 507 850 est
555 815 655 867 pro
708 814 771 850 eo
822 815 909 850 me
954 816 1253 868 numquam
1301 798 1481 853 dolere
1529 799 1788 870 desinere,
1840 802 1934 871 qui

225 888 520 940 numquam
551 871 817 925 doliturus
850 871 966 926 est?
1027 872 1074 926 si
1104 876 1186 927 est
1217 873 1409 943 aliquis
1442 874 1707 931 defunctis
1733 893 1935 946 sensus,

225 964 369 999 nunc
431 947 643 1000 animus
704 946 885 1001 fratris
947 947 1053 1000 mei
1114 948 1266 1002 velut
1325 968 1392 1002 ex
1452 949 1660 1004 diutino
1723 969 1933 1005 carcere

226 1021 477 1090 emissus,
521 1021 738 1075 tandem
785 1021 869 1075 sui
915 1022 1046 1075 iuris
1093 1025 1149 1076 et
1187 1023 1417 1094 arbitrii,
1464 1024 1626 1096 gestit
1664 1028 1717 1078 et
1754 1044 1934 1079 rerum

225 1098 447 1149 naturae
494 1096 802 1166 spectaculo
848 1095 1047 1151 fruitur
1092 1100 1146 1150 et
1190 1098 1427 1152 humana
1474 1099 1655 1153 omnia
1700 1118 1766 1153 ex
1809 1101 1931 1154 loco

226 1171 500 1240 superiore
539 1171 789 1241 despicit,
835 1171 1017 1226 divina
1054 1190 1180 1226 vero
1189 1214 1205 1242 ,
1252 1190 1482 1242 quorum
1521 1175 1782 1228 rationem
1820 1178 1932 1228 tam

227 1245 321 1299 diu
366 1245 566 1300 frustra
613 1247 935 1316 quaesierat,
980 1248 1205 1318 propius
1252 1248 1503 1302 intuetur.
1584 1250 1712 1319 quid
1751 1250 1932 1319 itaque

225 1320 339 1374 eius
380 1320 639 1374 desiderio
680 1339 943 1390 maceror,
982 1322 1076 1391 qui
1115 1325 1208 1375 aut
1245 1322 1432 1376 beatus
1472 1326 1566 1376 aut
1603 1325 1785 1378 nullus
1817 1323 1934 1378 est‘?

227 1395 444 1448 beatum
498 1395 689 1448 deflere
743 1396 948 1450 invidia
1002 1399 1103 1466 est,
1157 1397 1368 1451 nullum
1416 1397 1718 1452 dementia.'
1795 1398 1931 1469 [28]

226 1488 296 1522 an
348 1470 453 1524 hoc
506 1473 560 1523 te
614 1474 818 1540 movet,
873 1471 1019 1540 quod
1073 1471 1286 1525 videtur
1338 1472 1645 1544 ingentibus
1700 1476 1753 1527 et
1808 1491 1931 1527 cum

226 1545 457 1598 maxime
505 1545 843 1600 circumfusis
891 1546 1047 1600 bom's
1097 1548 1366 1601 caruisse}>
1443 1566 1566 1602 cum
1612 1548 1932 1619 cogitaveris

227 1619 398 1672 multa
437 1638 575 1687 esse,
616 1638 752 1689 quae
783 1620 1041 1691 perdidit,
1079 1622 1260 1693 cogita
1289 1623 1447 1692 plura
1478 1641 1613 1693 esse,
1654 1641 1790 1693 quac
1821 1642 1933 1677 non

224 1694 399 1747 timet:
437 1713 548 1748 non
579 1694 659 1748 ira
690 1714 812 1750 eum
842 1696 1138 1766 torquebit,
1167 1715 1280 1751 non
1310 1698 1529 1752 morbus
1562 1697 1791 1769 affliget,
1820 1717 1932 1752 non

230 1769 462 1839 suspicio
509 1770 757 1840 lacesset,
803 1789 914 1825 non
959 1771 1094 1825 edax
1141 1775 1195 1826 et
1240 1772 1459 1827 inimica
1497 1792 1706 1843 semper
1744 1773 1930 1827 alienis

225 1845 564 1913 processibus
619 1845 822 1899 invidia
876 1847 1293 1916 consectabitur,
1345 1866 1457 1901 non
1510 1851 1684 1902 metus
1736 1849 1932 1902 sollici-

225 1919 384 1988 tabit,
442 1937 553 1972 non
612 1920 805 1974 levitas
866 1921 1113 1975 fortunae
1175 1922 1282 1976 cito
1336 1941 1558 1976 munera
1613 1941 1709 1976 sua
1760 1925 1932 1976 trans-

225 1993 445 2047 ferentis
495 1994 831 2064 inquietabit.
912 1996 957 2051 si
1007 1996 1141 2051 bene
1192 2000 1492 2067 computes,
1548 1998 1671 2067 plus
1721 1997 1803 2051 illi
1851 2017 1930 2051 re-

226 2068 450 2122 missum
499 2087 659 2138 quam
707 2072 952 2140 ereptum
993 2075 1086 2125 est.
1162 2091 1274 2126 non
1314 2073 1507 2142 opibus
1546 2072 1775 2143 fruetur,
1819 2091 1930 2126 non

224 2147 319 2196 tua
366 2143 527 2198 simul
573 2163 635 2199 ac
682 2164 777 2198 sua
823 2146 1018 2216 gratia3
1063 2165 1176 2200 11011
1222 2147 1448 2217 accipiet
1492 2147 1775 2217 beneficia,
1819 2166 1931 2201 non

226 2218 396 2271 dabit:
458 2218 712 2274 miserum
756 2223 937 2290 putas,
980 2221 1125 2290 quod
1178 2221 1284 2276 ista
1329 2221 1530 2291 amisit,
1585 2241 1654 2275 an
1698 2222 1931 2291 beatum,

229 2293 372 2362 quod
420 2312 532 2347 non
582 2293 882 2348 desiderat?
959 2296 1092 2349 mihi
1139 2296 1316 2367 crede,
1365 2297 1412 2351 is
1451 2297 1656 2351 beatior
1694 2300 1794 2367 est,
1842 2298 1926 2351 cul

225 2368 442 2422 fortuna
480 2388 812 2438 supervacua
852 2373 951 2439 est,
992 2389 1151 2441 quam
1190 2372 1258 2441 is,
1299 2372 1387 2426 cui
1424 2375 1610 2442 parata
1647 2375 1740 2426 est.
1819 2390 1929 2425 om·

226 2443 318 2495 nia
355 2443 458 2497 ista
493 2444 660 2513 bona,
708 2462 843 2513 quae
881 2463 981 2499 nos
1021 2446 1263 2515 speciosa
1301 2447 1394 2500 sed
1433 2446 1613 2501 fallaci
1651 2447 1928 2516 voluptate

227 2517 516 2588 delectant,
553 2519 802 2589 pecunia,
835 2520 1090 2591 dignitas,
1120 2521 1363 2591 potentia
1394 2522 1604 2591 aliaque
1636 2522 1929 2591 complura,

375 2663 406 2709 4
443 2665 499 2710 de
535 2666 765 2723 singulari
802 2680 914 2711 nam
953 2669 1286 2713 coniunctionis
1323 2682 1412 2713 usu
1447 2668 1582 2714 Gertz
1620 2674 1726 2726 apte
1756 2669 1929 2724 confert

232 2725 434 2782 Thucyd.
478 2726 550 2770 VI
588 2729 662 2779 24,
694 2730 722 2771 3
778 2727 952 2772 Vahlen
1000 2729 1064 2772 ad
1108 2729 1297 2774 Arz‘stot.
1346 2730 1509 2785 poetic.
1559 2743 1608 2784 p.
1647 2732 1802 2774 1448a
1843 2732 1928 2783 31,-

227 2784 328 2828 vide
359 2789 400 2829 et
431 2785 572 2830 Hnde
602 2786 760 2830 Herm.
793 2786 1029 2832 XXXVI
1065 2789 1210 2845 (1901)
1246 2803 1295 2845 p.
1324 2792 1412 2833 313
1446 2789 1685 2833 XXXIX
1715 2802 1766 2846 p.
1793 2792 1882 2834 476
1911 2788 1927 2845 Ιζ

228 2843 287 2887 16
317 2857 527 2889 maceror
558 2845 598 2891 Ο
632 2858 843 2890 marceor
866 2847 913 2891 B
943 2846 959 2906 ΙΙ
990 2846 1048 2891 18
1079 2847 1267 2892 uidetur
1298 2849 1336 2894 G
1365 2854 1410 2893 et
1438 2848 1552 2906 voly.
1585 2847 1855 2893 uidentibus
1881 2849 1927 2893 B

227 2903 413 2949 videtur
441 2903 533 2965 tibi
568 2905 704 2951 Gertz
733 2906 748 2965 ΙΙ
777 2905 837 2951 30
867 2908 1039 2963 parata
1076 2908 1113 2953 O
1142 2910 1279 2964 paita
1306 2909 1564 2954 Pincianus

263 3019 347 3060 §ti'sx
365 3043 375 3052 ’·
394 3046 420 3061 ·,·
468 3032 513 3058 ινφ
532 3008 558 3057 I*

567 3096 573 3105 .
627 3079 658 3106 Q
686 3080 695 3106 z
777 3095 808 3106 ,.
893 3043 927 3106 ί,
994 3067 1025 3090 ‘⁸²
1096 3088 1142 3106 ,ι
1206 3075 1268 3106 aa.
1302 3096 1316 3106 ,

1987 520 2008 554 δ

1967 894 2009 927 10

1966 1268 2007 1301 15

1964 1641 2007 1675 20

1963 2018 2005 2052 25

1962 2392 2004 2425 30
