2028 3106
199 63 307 145 ⁵248
457 54 462 59 ’
522 88 573 134 L.
598 86 835 131 ANNAEI
866 84 1138 131 SENECAE
1169 85 1326 130 mAL.
1351 86 1462 132 LIB.
1487 86 1563 132 IX.

200 209 292 264 sed
346 212 589 263 senectus
641 208 707 260 ad
755 207 1063 271 novandum
1109 207 1264 278 pigra
1302 207 1602 277 deprendit3
1651 207 1799 262 adice
1838 212 1893 262 et

198 285 344 353 illos,
365 333 368 335 .
393 284 486 352 qui
530 302 641 336 non
687 282 1017 336 constantiae
1054 281 1186 334 vitio
1226 301 1416 351 pamm
1453 283 1597 336 leves
1638 286 1763 336 sunt
1801 284 1892 336 sed

198 359 442 427 inertiae,
482 360 535 410 et
572 357 760 410 vivont
796 375 908 409 non
946 356 1226 424 quomodov
1246 355 1459 425 volunt,
1498 357 1590 410 sed
1624 357 1891 426 quomodo

142 448 167 487 7
200 435 504 502 coeperunt.
592 429 1003 484 innumerabiles
1066 431 1312 500 deinceps
1362 432 1714 501 proprietates
1770 435 1895 485 sunt

200 508 292 560 sed
337 525 477 559 unus
516 506 734 559 effectus
773 504 916 572 vitii,
968 504 1070 556 sibi
1108 505 1400 574 displicere.
1477 506 1582 559 hoc
1620 507 1789 559 oritur
1823 505 1894 558 'ab

199 581 513 650 intemperie
570 580 735 633 animi
786 583 840 631 et
888 579 1270 647 cupiditatibus
1317 578 1520 632 timidis
1568 583 1661 633 aut
1705 598 1895 650 parum

199 656 492 725 prosperis,
529 655 624 708 ubi
662 656 756 705 aut
791 670 903 705 non
941 653 1157 722 audent,
1198 658 1458 723 quantum
1497 656 1896 724 concupiscunt,

201 732 294 782 aut
351 747 464 783 non
525 730 925 796 consequuntur
985 731 1039 780 et
1090 728 1148 781 in
1210 747 1360 798 spem
1413 729 1517 781 toti
1569 729 1896 798 prominent:

201 821 411 874 semper
459 802 734 856 instabiles
781 801 1112 872 mobilesque
1159 806 1306 872 sunt,
1362 803 1505 872 quod
1554 821 1768 858 necesse
1815 806 1905 865 est,

201 880 436 933 accidere
486 877 854 946 pendentibus.
940 876 1006 929 ad
1045 880 1172 931 vota
1218 895 1315 931 sua
1361 878 1508 931 omni
1545 878 1634 931 via
1669 878 1897 932 tendunt

200 957 255 1006 et
300 953 586 1006 inhonesta
627 970 682 1004 se
722 968 785 1004 ac
823 949 1063 1004 difficilia
1100 952 1295 1005 docent
1333 955 1664 1023 coguntque,
1712 956 1767 1006 et
1802 953 1897 1005 ubi

200 1028 315 1080 sine
361 1025 598 1095 praemio
636 1025 791 1079 labor
829 1028 936 1094 est,
979 1029 1197 1095 torquet
1233 1026 1355 1079 illos
1394 1027 1616 1080 inritum
1655 1026 1898 1095 dedecus,

142 1116 169 1156 8
198 1119 301 1154 nec
340 1100 523 1154 dolent
559 1119 725 1170 prava
763 1117 819 1152 se
856 1101 946 1152 sed
980 1100 1180 1153 frustra
1212 1101 1459 1154 voluisse.
1521 1104 1652 1155 tunc
1689 1101 1812 1154 illos
1845 1104 1899 1153 et

199 1175 528 1244 paenitentia
580 1174 759 1243 coepti
810 1177 958 1227 tenet
1002 1178 1056 1228 et
1100 1174 1392 1244 incipiendi
1436 1174 1601 1228 timor
1637 1174 1898 1244 subrepit-

106 1246 111 1252 ’
202 1267 305 1318 que
355 1249 449 1302 illa
498 1249 664 1302 animi
713 1248 930 1301 iactatio
979 1267 1090 1303 non
1139 1249 1457 1302 invenientis
1498 1249 1724 1318 exitum,
1773 1249 1898 1318 quia

200 1342 301 1378 nec
349 1324 608 1393 imperare
658 1322 1039 1392 cupiditatibus
1085 1323 1196 1377 suis
1242 1341 1342 1377 nec
1388 1323 1612 1394 obsequi
1657 1326 1897 1394 possunt,

202 1401 257 1452 et
295 1399 564 1452 cunctatio
611 1398 754 1450 vitae
793 1415 981 1467 parum
1022 1417 1078 1452 se
1116 1398 1430 1468 explicantis
1470 1401 1526 1452 et
1562 1399 1702 1452 inter
1739 1398 1898 1452 desti-

143 1487 169 1526 9
200 1476 320 1526 tuta
360 1477 488 1526 vota
525 1472 788 1542 torpentis
828 1473 990 1526 animi
1030 1473 1179 1526 situs.
1258 1490 1394 1542 quae
1433 1474 1615 1527 omnia
1652 1474 1899 1545 graviora

203 1552 348 1618 sunt,
409 1549 503 1602 ubi
564 1547 687 1601 odio
748 1545 1076 1600 infelicitatis
1132 1565 1385 1617 operosae
1438 1549 1506 1600 ad
1559 1548 1731 1602 otium
1782 1567 1898 1618 per-

201 1623 476 1694 fugerunt,
517 1622 584 1675 ad
623 1623 826 1675 secreta
864 1623 1061 1691 studia,
1099 1640 1234 1691 quae
1273 1622 1386 1691 pati
1424 1640 1535 1676 non
1572 1625 1751 1693 potest
1789 1622 1899 1676 ani-

202 1715 320 1750 mus
380 1698 445 1750 ad
497 1696 675 1751 civilia
725 1697 928 1749 erectus
979 1697 1278 1768 agendique
1332 1696 1557 1767 cupidus
1607 1700 1662 1750 et
1708 1699 1900 1750 natura

202 1771 434 1840 inquies,
478 1789 669 1842 parum
717 1769 920 1823 scilicet
957 1770 1013 1824 in
1052 1790 1108 1826 se
1147 1770 1470 1826 solaciorum
1507 1771 1734 1841 habens3
1778 1771 1897 1824 ideo

203 1845 452 1899 detractis
491 1844 960 1914 oblectationibuS,
1009 1864 1140 1915 quas
1179 1846 1326 1915 ipsae
1373 1845 1749 1915 occupationes
1796 1845 1899 1899 dis-

204 1921 537 1975 currentibus
562 1920 838 1990 praebent,
870 1919 1109 1990 domum,
1144 1919 1509 1990 solitudinem,
1538 1920 1768 1991 parietes
1789 1938 1901 1974 non

117 2009 172 2049 10
201 1994 330 2064 fert,
378 1996 578 2049 invitus
633 1993 826 2064 aspicit
875 2011 930 2047 se
980 1995 1084 2048 sibi
1131 1995 1394 2049 relictum.
1470 1995 1597 2049 hinc
1646 1994 1782 2048 illud
1819 1998 1900 2048 est

203 2069 438 2123 taedium
516 2073 569 2123 et
630 2068 968 2139 displicentia
1034 2069 1117 2123 sui
1179 2072 1232 2123 et
1294 2086 1559 2138 nusquam
1619 2069 1898 2124 residentis

353 2245 380 2289 1
412 2245 632 2289 nouanda
662 2259 775 2290 corr.
799 2245 853 2289 in
882 2243 1103 2288 nouandt'i
1126 2245 1255 2290 A¹-²
1278 2244 1442 2290 deinde
1463 2244 1566 2289 rad.
1591 2244 1661 2290 A⁶
1688 2244 1706 2305 ΙΙ
1735 2244 1765 2289 2
1792 2258 1900 2289 con-

205 2305 409 2349 stantiae
440 2305 558 2349 uitio
589 2318 757 2361 pamm
788 2304 916 2348 leues
948 2305 1056 2347 sunt
1087 2304 1133 2348 A
1171 2305 1292 2361 quod
1327 2309 1444 2349 reete
1474 2304 1726 2359 defendisse
1756 2303 1899 2349 Mad-

203 2366 377 2422 viyiwm
407 2365 520 2408 mihi
549 2378 821 2420 persuasum
850 2369 925 2408 est.
973 2363 1056 2417 cfr.
1089 2369 1131 2407 et
1161 2364 1221 2408 E.
1254 2364 1448 2409 Tkomas
1478 2364 1636 2409 Herm.
1661 2363 1903 2409 XXVIII

198 2437 247 2479 p.
272 2427 362 2468 285
392 2423 409 2482 ΙΙ
438 2422 467 2467 3
498 2423 716 2479 inertiae,
745 2425 794 2468 et
819 2423 981 2467 vivunt
1004 2422 1163 2467 Haase
1194 2423 1393 2468 inertiae
1417 2423 1455 2468 ἃ,
1477 2423 1647 2467 uiuant
1669 2422 1739 2469 A¹
1760 2422 1839 2467 sed
1861 2420 1900 2464 ὅτ,

206 2483 367 2527 delevit
389 2489 430 2528 et
451 2482 621 2527 uiuant
643 2485 695 2528 in
716 2483 885 2527 uiuont
908 2495 1020 2527 corr.
1038 2480 1108 2526 A²
1129 2482 1329 2528 inertiae
1333 2483 1560 2542 ssluiuunt
1575 2485 1615 2528 A
1628 2483 1646 2508 ⁶
1667 2482 1683 2542 ΙΙ
1706 2481 1766 2526 10
1787 2493 1898 2537 pen-

207 2541 390 2597 dentib3
417 2542 479 2587 ad
501 2544 616 2586 uota
640 2556 724 2587 sua
748 2542 876 2587 omni
898 2542 980 2585 uia
1005 2541 1216 2596 pendunt
1238 2544 1285 2587 A
1308 2556 1423 2588 corr.
1449 2548 1492 2587 et
1513 2544 1677 2599 interp.
1695 2541 1864 2597 Haupt
1884 2539 1902 2599 ΙΙ

205 2601 264 2646 12
294 2603 487 2646 inritum
522 2603 569 2647 A
610 2602 741 2646 inriti
780 2602 891 2659 (scil.
927 2599 1119 2655 laboris)
1157 2603 1335 2656 frustra
1366 2602 1498 2647 Koch
1537 2601 1554 2661 Η
1596 2600 1654 2646 18
1691 2612 1842 2656 praua
1873 2608 1901 2643 ς

204 2675 355 2719 parua
378 2663 424 2707 A
458 2662 465 2722 Ι
500 2661 584 2706 sed
615 2662 720 2706 add.
746 2663 906 2707 Haase
935 2659 952 2720 ΙΙ
981 2659 1042 2704 16
1064 2659 1248 2719 obseqls
1267 2663 1314 2707 A
1345 2663 1475 2718 (eras.
1499 2661 1593 2706 vid.
1619 2660 1653 2716 i)
1715 2658 1778 2702 19
1796 2671 1900 2715 per-

204 2721 439 2779 fugerunt.
495 2721 558 2766 ad
589 2721 635 2766 A
677 2735 730 2778 p-
762 2735 818 2766 ac
852 2720 988 2766 Gertz
1031 2733 1085 2776 p·
1117 2721 1165 2764 et
1203 2721 1265 2766 ad
1305 2721 1419 2778 volq.
1465 2720 1482 2780 ΙΙ
1530 2719 1589 2764 21
1738 2717 1902 2762 ciuilia

205 2783 387 2826 erectus
410 2791 439 2826 ς
469 2779 666 2826 adciuili
688 2780 916 2840 &lrectus
939 2778 1008 2824 A¹
1039 2777 1449 2840 adciuilialrectus
1471 2779 1543 2825 A³
1581 2777 1599 2838 ΙΙ
1627 2777 1687 2823 22
1716 2776 1900 2834 inquies

205 2840 542 2943 lAssnquietus
573 2853 688 2886 corr.
719 2855 777 2886 m.
807 2840 1042 2894 recentior,
1072 2844 1126 2884 ut
1154 2846 1218 2886 est
1245 2841 1299 2886 in
1328 2850 1357 2885 s·
1396 2839 1414 2898 ΙΙ
1454 2838 1514 2883 25
1551 2836 1720 2882 relictfi
1749 2839 1796 2883 A
1829 2850 1901 2883 re-

224 2900 269 2943 ic
325 2914 345 2944 s
375 2902 491 2958 voly.

1928 893 1972 926 1⁰

1930 1263 1972 1298 15

1932 2008 1976 2043 25
