2034 3086
353 39 438 85 AD
468 35 755 87 MARCUM
782 35 866 81 DE
898 32 1361 82 CONSOLATIONE
1393 31 1522 79 CAP.
1549 38 1618 79 14.
1646 38 1701 79 15
1775 34 1878 89 171

179 163 490 217 crescerent
549 162 732 213 tamen
768 158 911 212 intra
946 157 1166 211 tertium
1205 155 1346 210 diem
1384 154 1729 225 imperatoria
1767 154 1885 208 obit

181 237 366 291 munia
402 237 459 289 et
493 237 607 288 tam
646 234 755 288 cito
795 233 1036 286 dolorem
1073 231 1208 286 vicit
1245 248 1407 300 quam
1445 230 1627 283 omnia
1661 228 1882 283 solebat

329 308 447 363 XV.
498 307 640 372 Quid
677 307 905 362 aliorum
942 306 1046 360 tibi
1083 306 1274 359 funera
1304 303 1589 358 Caesarum
1618 303 1884 357 referam?
1917 319 1940 359 1

182 401 317 455 quos
365 383 424 437 in
471 382 577 437 hoc
621 381 758 436 mihi
794 381 1009 435 videtur
1051 379 1269 434 interim
1306 378 1508 433 violare
1544 377 1786 447 fortuna,
1822 380 1885 431 ut

132 477 153 511 s
181 459 259 513 sic
297 475 513 528 quoque
551 457 736 529 generi
771 457 1007 510 humano
1053 455 1267 525 prosint
1307 452 1648 507 ostendentes
1684 470 1753 506 ne
1791 469 1883 505 eos

182 532 423 603 quidem,
471 532 566 602 qui
613 530 696 585 dis
741 531 912 602 geniti
949 528 1186 598 deosque
1224 528 1459 600 genituri
1497 527 1766 596 dicantur,
1807 525 1885 580 sic

181 625 333 661 suam
393 606 668 661 fortunam
730 605 788 659 in
847 605 1115 675 potestate
1174 603 1371 656 habere
1432 567 1884 671 quemadmodum

181 682 426 735 alienam.
513 680 669 733 divus
723 678 1004 751 Augustus
1058 677 1270 731 amissis
1321 675 1533 746 liberis,
1582 675 1942 746 nepotibns‚2

181 757 442 810 exhausta
479 752 766 809 Caesarum
811 753 971 808 turba
1015 752 1305 822 adoptione
1350 751 1614 805 desertam
1665 749 1885 804 domum

109 849 155 882 ιο
181 831 357 884 fulsit:
392 829 523 884 tulit
557 833 742 883 tamen
778 828 980 898 <tam>
1010 827 1225 881 fortiter
1262 843 1424 896 quam
1463 825 1616 880 cuius
1654 825 1763 879 iam
1800 842 1887 879 res

181 905 444 977 agebatur
491 905 752 973 cuiusque
800 903 1032 957 maxime
1082 902 1338 956 intererat
1382 900 1447 954 de
1494 900 1576 954 dis
1614 899 1886 954 neminem

183 980 349 1050 queri.
425 978 507 1033 Τι,
543 977 739 1033 Caesar
776 981 831 1032 et
869 995 1030 1048 quem
1069 978 1329 1048 genuerat
1374 978 1429 1029 et
1467 992 1629 1045 quem
1668 973 1887 1044 adopta·
1918 989 1945 1028 3

182 1058 333 1109 verat
384 1054 588 1124 amisit·
638 1053 754 1123 ipse
806 1056 991 1107 tamen
1038 1069 1138 1121 pro
1188 1051 1378 1105 rostris
1426 1049 1668 1104 laudavit
1712 1049 1886 1102 filium

182 1129 439 1199 stetitque
486 1128 546 1182 in
594 1130 886 1198 conspectu
934 1126 1115 1196 posito
1162 1143 1409 1196 corpore,
1453 1123 1733 1178 interiecto
1771 1126 1888 1177 tan·

111 1219 154 1255 ιι
181 1202 464 1258 tummodo
513 1203 841 1271 velamento,
890 1200 1036 1271 quod
1084 1199 1360 1271 pontificis
1407 1199 1593 1254 oeulos
1631 1218 1664 1252 a
1699 1198 1888 1252 funere

182 1280 410 1347 arceret,
457 1280 514 1332 et
560 1276 724 1332 flente
771 1277 977 1347 populo
1016 1274 1263 1329 Romano
1309 1291 1421 1328 non
1465 1272 1618 1328 flexit
1652 1273 1889 1341 vultum3

182 1351 566 1423 experiendum
619 1369 677 1405 se
730 1350 879 1405 dedit
931 1348 1126 1404 Seiano
1177 1348 1245 1403 ad
1292 1349 1436 1403 latus
1485 1347 1675 1415 stanti,
1725 1364 1888 1431 quam

184 1426 451 1497 patienter
497 1429 682 1497 posset
730 1442 857 1479 suos
906 1425 1142 1495 perdere.
1216 1423 1435 1477 videsne
1481 1424 1684 1492 quanta
1733 1421 1890 1492 copia
1920 1435 1947 1474 4

185 1501 423 1556 virorum
468 1500 828 1555 maximorum
874 1499 970 1569 sit,
1007 1516 1143 1569 quos
1180 1515 1292 1551 non
1330 1496 1543 1567 excepit
1578 1495 1670 1550 hic
1708 1495 1890 1550 omnia

111 1594 156 1628 so
184 1579 528 1646 prosternens
579 1592 755 1644 casus,
806 1577 862 1628 et
907 1591 1043 1644 quos
1081 1575 1168 1627 tot
1203 1571 1370 1625 animi
1405 1571 1571 1641 bona,
1615 1573 1704 1625 tot
1738 1588 1892 1636 orna-

187 1653 368 1704 menta
426 1650 643 1735 publice
702 1616 1064 1734 privatimque
1125 1649 1480 1719 congesta..
1526 1644 1714 1700 erant?
1796 1644 1890 1699 sed

185 1723 436 1780 videlicet
486 1724 532 1778 it
583 1724 641 1778 ιιι
694 1723 878 1778 orbem
927 1722 1034 1776 ista
1080 1724 1374 1792 tempestas
1422 1723 1478 1775 et
1525 1720 1641 1775 sine
1689 1719 1890 1774 dilectu

186 1802 364 1854 vastat
411 1798 595 1854 omnia
641 1798 862 1871 agitque
906 1800 970 1852 ut
1015 1814 1125 1851 sua.
1201 1796 1327 1851 iube
1365 1794 1609 1868 singulos
1648 1793 1890 1849 conferre
1979 1836 1983 1847 .

186 1873 474 1929 rationem·
510 1873 649 1928 nulli
687 1873 918 1945 contigit
955 1872 1158 1943 inpune
1194 1870 1358 1925 nasci.
1979 1881 1984 1933 ζ

114 1966 158 2001 ss
335 1947 480 2003 XVI„
550 1946 675 2003 Scio
726 1947 856 2018 quid
906 1946 1075 2002 dicas.
1143 1945 1372 2000 oblitus
1421 1963 1477 1999 es
1526 1943 1779 1998 feminam
1835 1946 1890 1998 te
1924 1957 1946 1997 1

188 2024 479 2094 consolari,
515 2023 752 2077 virorum
791 2022 958 2077 refers
997 2020 1276 2092 exempla?
1354 2020 1474 2091 quis
1524 2022 1704 2074 autem
1753 2018 1891 2072 dixit

188 2102 435 2153 naturam
474 2098 710 2171 maligne
749 2115 871 2152 cum
912 2096 1198 2151 mulierum
1237 2094 1468 2167 ingeniis
1500 2093 1672 2166 egisse
1702 2096 1758 2149 et
1787 2093 1890 2148 vir-

336 2229 368 2275 6
396 2229 481 2286 cfr.
509 2230 635 2289 Vera.
659 2230 776 2275 Aen.
801 2228 884 2274 IX
911 2230 1003 2274 642

339 2318 365 2364 1
399 2320 661 2364 crescerent
693 2329 723 2363 ς
765 2318 994 2363 cresceret
1023 2317 1069 2362 A
1110 2317 1128 2377 ΙΙ
1173 2316 1232 2362 10
1268 2317 1430 2361 tamen
1466 2317 1567 2360 tam
1597 2315 1650 2360 F
1680 2319 1736 2360 ut
1771 2315 1890 2360 coni.

193 2379 329 2425 Ger-ts
357 2380 518 2424 tamen
542 2381 588 2424 A
618 2380 718 2424 tam
752 2378 950 2436 Madvig
985 2377 1002 2435 ΙΙ
1043 2375 1102 2422 12
1146 2375 1199 2421 Τ.
1200 2374 1368 2494 >Cesar
1390 2376 1436 2421 A
1470 2375 1476 2435 Ι
1511 2375 1742 2433 genuerat
1763 2375 1810 2420 A
1842 2375 1890 2432 (u

190 2440 242 2483 in
272 2439 363 2494 fine
391 2452 549 2484 versus
577 2452 651 2484 scr
688 2452 746 2484 m.
774 2442 799 2483 1
830 2439 883 2483 in
912 2451 1003 2482 ras.
1028 2437 1216 2494 maiore)
1246 2435 1265 2496 ΙΙ
1297 2435 1357 2481 18
1386 2390 1545 2493 possegt
1567 2445 1596 2479 ς
1625 2433 1777 2492 possit
1799 2434 1846 2479 A
1875 2434 1892 2492 ΙΙ

189 2497 251 2543 w
279 2501 577 2556 prosternens
600 2508 630 2543 ς
659 2499 924 2556 prosternes
956 2498 1022 2553 (es
1053 2510 1170 2543 corr.
1193 2510 1247 2541 m
1276 2497 1327 2542 et
1355 2498 1587 2551 m.1—2)
1616 2496 1662 2540 A
1697 2494 1703 2554 Ι
1739 2505 1888 2539 casus.

190 2558 228 2603 ἀ
261 2572 377 2615 quos
412 2593 456 2603 ..
490 2559 715 2616 congesta
745 2558 883 2602 erant
904 2558 950 2602 A
985 2560 1151 2601 casus?
1198 2557 1248 2600 et
1278 2569 1405 2613 quo.
1433 2568 1556 2600 ‚con
1592 2556 1694 2599 esta
1726 2554 1890 2599 erant?

193 2618 392 2688 Madvig
433 2622 598 2662 casus?
652 2618 702 2662 et
739 2617 788 2661 in
828 2629 993 2674 quos.
1029 2650 1038 2660 .
1080 2617 1304 2674 congesta
1342 2616 1506 2660 erant?
1599 2614 1680 2659 och
1725 2618 1890 2658 casus?

192 2678 325 2734 atqui
356 2691 416 2722 ns
450 2712 460 2721 .
487 2713 496 2723 .
530 2690 584 2722 co
652 2677 754 2721 esta
792 2678 940 2722 erant
980 2652 1207 2722 Schultess
1252 2687 1417 2730 casus,
1442 2676 1519 2778 etz:
1544 2686 1661 2730 quos
1695 2708 1704 2717 .
1739 2709 1749 2718 .
1783 2686 1890 2717 con-

193 2739 327 2794 gesta
358 2738 576 2782 sacrant?
663 2742 755 2782 erte
787 2738 940 2793 (1889)
988 2747 1146 2790 casus,
1178 2736 1227 2780 et
1258 2748 1373 2792 quos
1407 2770 1416 2781 .
1452 2771 1459 2778 .
1494 2731 1891 2851 (εοιῖεπιιιέἑέιῖ1

193 2799 414 2853 nectar>
432 2798 597 2842 erant?
635 2810 659 2842 e
687 2810 715 2841 ο
743 2796 1001 2853 scripserim
1033 2793 1149 2854 1126
1178 2749 1322 2841 refers
1353 2807 1381 2842 ς
1420 2792 1541 2839 refer

193 2856 314 2913 quod
349 2856 553 2911 defendit
591 2810 819 2903 chtdtess
860 2854 1032 2900 dixerit
1061 2865 1091 2899 e
1129 2854 1147 2914 ΙΙ
1186 2852 1244 2900 27
1282 2853 1530 2900 mulierum
1562 2852 1749 2899 Fickert
1777 2865 1835 2898 ex
1864 2862 1892 2895 ς
