2034 3086
197 49 302 103 186
449 13 458 16 ⁹
518 46 568 91 L.
592 40 829 91 ANNAE1
859 45 1132 91 SENECAE
1163 46 1558 94 D1AL.LIB.V1.

194 166 422 236 simplici
455 185 578 221 cum
610 167 794 221 dolore
823 167 1072 237 pudenda
1102 170 1426 240 curantium3
1463 173 1590 239 post
1619 176 1750 225 haec
1780 172 1886 225 exi-

191 242 326 294 lium
372 238 506 314 (non
550 241 657 295 fuit
692 242 1029 295 innocentior
1063 243 1208 297 filius
1245 247 1372 298 tuus
1411 262 1572 314 quam
1610 243 1887 318 Rutilius),

192 333 456 370 carcerem
481 315 616 387 (non
636 316 742 369 fuit
765 316 1057 385 sapientior
1079 336 1241 387 quam
1266 316 1553 391 Socrates),
1581 320 1884 373 voluntario

191 390 408 444 volnere
463 391 783 444 transfixum
844 394 1031 459 pectus
1085 389 1220 463 (non
1279 391 1384 445 fuit
1436 393 1670 448 sanctior
1723 412 1885 463 quam

193 461 371 537 Cato):
411 482 534 519 cum
571 465 677 518 ista
713 465 1066 534 perspexeris,
1106 467 1241 520 scies
1280 466 1480 536 optime
1520 485 1643 521 cum
1688 467 1734 521 is
1782 469 1886 539 agi,

192 556 326 608 quos
363 543 579 609 natura,
617 538 744 609 quia
779 538 902 592 illos
940 540 1045 593 hoc
1082 541 1332 594 manebat
1371 541 1514 595 vitae
1545 541 1886 613 stipendium,

190 613 298 667 cito
319 613 396 667 in
432 616 611 667 tutum
648 613 862 683 recepit.
931 614 1068 667 nihil
1105 618 1186 668 est
1221 617 1334 668 tam
1371 614 1537 668 fallax
1575 634 1737 686 quam
1774 618 1886 670 vita

189 687 446 756 humana,
482 687 621 741 nihil
656 692 769 742 tam
806 686 1146 742 insidiosum:
1191 708 1303 743 non
1340 707 1425 742 me
1462 688 1704 745 hercules
1744 692 1885 761 quis-

191 780 350 831 quam
399 762 549 815 illam
587 763 904 833 accepisset,
947 762 1053 815 nisi
1099 763 1315 818 daretur
1350 763 1713 819 inscientibus.
1788 766 1885 820 ita-

190 855 293 906 que
326 837 372 889 si
402 836 770 891 felicissimum
803 840 885 890 est
913 854 1026 890 non
1053 838 1225 906 nasci,
1262 839 1568 908 proximum
1600 842 1705 907 est,
1734 844 1886 910 put0,

187 911 338 964 brevi
387 913 559 965 aetate
597 911 877 966 defunctos
916 911 1024 964 cito
1062 911 1122 964 in
1158 912 1428 983 integrum
1464 912 1688 967 restitui.
1763 932 1885 983 pro-

187 1002 328 1054 pone
388 984 524 1038 illud
585 986 985 1040 acerbissimum
1047 985 1147 1039 tibi
1199 989 1436 1056 tempus,
1497 1006 1603 1058 quo
1660 986 1882 1042 Seianus

186 1060 394 1127 patrem
443 1061 599 1112 tuum
650 1061 832 1114 clienti
885 1078 982 1114 suo
1037 1058 1215 1114 Satrio
1262 1058 1507 1115 Secundo
1550 1062 1883 1133 congiarium

188 1131 346 1186 dedit.
422 1132 750 1188 irascebatur
797 1135 879 1188 illi
928 1135 997 1188 ob
1043 1153 1212 1189 unum
1259 1138 1352 1187 aut
1397 1135 1625 1190 alterum
1662 1136 1881 1190 liberius

187 1206 415 1275 dictum,
464 1206 608 1276 quod
653 1209 849 1263 tacitus
894 1209 1032 1263 ferre
1077 1227 1189 1263 non
1233 1212 1482 1279 potuerat
1527 1208 1780 1265 Seianum
1825 1211 1883 1264 in

187 1281 418 1336 cervices
478 1285 689 1336 nostras
749 1301 818 1336 ne
878 1283 1088 1354 inponi¹
1128 1283 1368 1354 quidem,
1435 1283 1527 1337 sed
1588 1285 1881 1340 escendere.

187 1355 568 1410 decernebatur
616 1357 697 1410 illi
747 1360 923 1411 statua
975 1358 1033 1411 in
1082 1357 1306 1428 Pompei
1357 1356 1567 1412 theatro
1621 1359 1884 1430 ponenda,

187 1431 331 1500 quod
392 1433 640 1483 exustum
699 1428 891 1484 Caesar
950 1433 1245 1502 reficiebat3
1305 1432 1624 1487 exclamavit
1678 1433 1881 1488 Cordus

184 1509 314 1559 tunc
345 1523 467 1559 vere
495 1504 766 1558 theatrum
792 1505 977 1574 perire.
1041 1507 1170 1577 quid
1193 1505 1356 1578 ergo?
1415 1524 1526 1559 non
1547 1512 1884 1577 rumperetur

185 1598 347 1650 supra
406 1580 609 1634 cineres
665 1576 757 1631 Cn.
811 1577 1037 1649 Pompei
1096 1580 1353 1635 constitui
1406 1578 1657 1634 Seianum
1720 1585 1773 1635 et
1824 1583 1883 1635 in

184 1654 528 1708 monimentis
589 1652 810 1707 maximi
869 1653 1206 1723 imperatoris
1268 1653 1566 1710 consecrari
1617 1655 1880 1724 perfidum

184 1727 448 1781 militem?
483 1729 523 1798 †
560 1730 903 1783 consecratur
947 1728 1293 1800 subscriptio,
1337 1733 1393 1784 et
1429 1728 1672 1783 acerrimi
1710 1746 1882 1798 canes,

186 1819 321 1871 quos
352 1802 443 1856 ille
474 1806 536 1856 ut
566 1802 670 1856 sibi
699 1801 794 1855 uni
824 1805 1154 1873 mansuetos,
1194 1805 1442 1858 omnibus
1472 1803 1614 1857 feros
1645 1802 1882 1872 haberet,

184 1876 443 1947 sanguine
509 1877 746 1931 humano
813 1877 1086 1947 pascebat,
1152 1878 1547 1933 circumlatrare
1605 1876 1879 1931 hominem

184 1951 346 2004 etiam
384 1950 423 2020 †
459 1950 615 2005 illum
654 1952 995 2021 imperiatum
1034 1951 1312 2022 incipiunt.
1375 1952 1504 2023 quid
1541 1950 1774 2005 faceret?
1834 1953 1880 2006 si

332 2082 362 2127 ὃ
392 2082 434 2126 is
457 2081 527 2127 A²
556 2082 631 2126 his
654 2082 792 2139 A¹(?)
823 2082 840 2142 ΙΙ
872 2082 902 2126 6
933 2076 1048 2138 quos
1073 2093 1101 2127 ς
1131 2084 1244 2139 quia
1267 2085 1314 2130 A
1349 2085 1354 2144 Ι
1388 2084 1491 2128 uita
1522 2082 1877 2139 &stipendium

183 2140 254 2185 A¹
275 2155 390 2186 corr.
413 2141 485 2186 A⁵
512 2140 529 2200 ΙΙ
564 2141 594 2186 8
623 2142 902 2186 insidiosum
925 2151 954 2185 ς
981 2141 1153 2187 insidio
1177 2145 1224 2189 A
1254 2143 1259 2203 Ι
1306 2143 1336 2188 9
1366 2141 1672 2187 inscientibus
1695 2143 1880 2189 Fickert

183 2199 362 2244 intibus
386 2202 433 2246 A
463 2201 624 2245 insciis
648 2211 677 2245 ς
705 2201 722 2261 ΙΙ
750 2201 810 2246 10
835 2214 951 2247 naso
974 2201 1045 2245 A¹
1074 2203 1208 2247 nasoi
1283 2202 1301 2228 ²
1327 2203 1332 2261 Ι
1358 2201 1622 2259 proximum
1646 2204 1718 2247 est
1741 2203 1878 2248 Gertz

182 2260 393 2315 proxime
416 2261 463 2305 A
491 2259 509 2320 Η
538 2259 595 2305 11
619 2259 750 2304 brevi
773 2262 931 2306 aetate
955 2260 1116 2305 Haase
1146 2260 1380 2307 breuitate
1403 2261 1451 2305 A
1480 2259 1610 2308 brevi
1631 2261 1731 2306 vita
1754 2263 1842 2307 alii
1867 2263 1872 2319 Ι

183 2318 421 2363 restituis
451 2318 615 2364 resiste
638 2320 745 2364 AF
768 2319 785 2380 Η
822 2320 881 2365 12
912 2319 1076 2364 seianfi
1098 2321 1204 2366 AF
1227 2321 1244 2381 ΙΙ
1281 2320 1340 2365 14
1369 2319 1565 2366 libertus
1588 2322 1636 2367 A
1665 2321 1682 2381 ΙΙ
1715 2321 1774 2366 18
1805 2320 1874 2364 Ti.

184 2375 355 2421 Caesar
383 2379 588 2437 Psenniy
612 2379 723 2434 fort.
753 2385 870 2424 recte
898 2378 914 2439 ΙΙ
943 2377 1002 2423 22
1033 2382 1330 2425 consecratur
1352 2380 1465 2435 AF,
1497 2381 1617 2437 quod
1646 2395 1750 2426 cwm
1777 2380 1877 2424 sine

182 2436 323 2480 dubio
363 2450 420 2481 ex
459 2438 743 2484 antecedenti
782 2438 1044 2484 consecrari
1082 2445 1231 2485 ortwm
1266 2440 1347 2493 sit,
1381 2439 1556 2485 medela
1584 2442 1760 2485 incerta
1790 2443 1876 2483 est:

183 2495 536 2541 consarcinatur
558 2498 752 2555 Lipsius
775 2498 1082 2543 concinnatur
1098 2500 1295 2555 Madvig
1318 2497 1475 2543 editur
1490 2500 1623 2545 Koch
1646 2497 1876 2543 conflatur

186 2555 322 2600 Gertz
361 2555 604 2600 conficitur
633 2557 860 2603 Schultess
897 2559 1193 2602 consectatur
1222 2557 1348 2602 Ellis
1355 2574 1373 2612 ;
1400 2560 1555 2615 possis
1591 2559 1728 2602 etiam
1767 2570 1875 2600 con-

181 2615 373 2670 ponitur
413 2615 529 2671 (ben.
564 2617 659 2661 III
685 2620 763 2671 26,
785 2620 834 2674 2)
875 2617 1074 2661 conicere
1117 2617 1134 2677 ΙΙ
1177 2616 1237 2661 23
1274 2615 1470 2662 haberet
1499 2613 1551 2663 F
1582 2615 1756 2663 habere
1783 2617 1829 2660 A
1858 2616 1876 2675 Η

181 2673 241 2717 25
286 2674 430 2718 etiam
475 2673 610 2718 illum
654 2675 955 2733 imperiatum
1000 2677 1107 2721 AF
1155 2677 1202 2719 et
1245 2675 1342 2719 iam
1386 2677 1520 2720 illum
1570 2676 1872 2731 impetratum

183 2732 344 2778 Haase
367 2733 511 2778 etiam
538 2733 590 2776 in
611 2733 694 2779 illo
719 2735 819 2790 (illo
843 2735 893 2779 in
920 2733 1073 2795 Gertz)
1097 2735 1294 2791 imperio
1319 2735 1468 2780 altum
1486 2734 1684 2792 Madvig]
1706 2736 1754 2779 et
1775 2734 1872 2778 iam

182 2789 361 2837 laniare
413 2792 803 2848 intemperantius
850 2793 982 2838 Koch
1027 2796 1075 2839 et
1115 2794 1212 2838 iam
1253 2793 1387 2839 illum
1429 2807 1644 2851 rumpere
1687 2793 1872 2839 hiatum

183 2849 407 2896 Schultess
452 2853 500 2896 et
540 2851 637 2895 iam
678 2852 812 2897 illum
853 2850 1014 2897 inferis
1058 2853 1268 2897 dicatum
1303 2854 1497 2912 Machly
1537 2853 1680 2898 etiam
1722 2853 1870 2908 illum,

1915 858 1959 891 10

1914 1229 1956 1261 15

1912 1599 1957 1632 20

1911 1969 1954 2002 25
