<?xml version="1.0" encoding="UTF-8"?>
<!DOCTYPE html PUBLIC "-//W3C//DTD XHTML 1.0 Transitional//EN"
    "http://www.w3.org/TR/xhtml1/DTD/xhtml1-transitional.dtd">
<html xmlns="http://www.w3.org/1999/xhtml" xml:lang="en" lang="en">
 <head>
  <title>
</title>
<meta http-equiv="Content-Type" content="text/html;charset=utf-8" />
  <meta name='ocr-system' content='tesseract 3.04.00' />
  <meta name='ocr-capabilities' content='ocr_page ocr_carea ocr_par ocr_line ocrx_word'/>
</head>
<body>
  <div class='ocr_page' id='page_1' title='image "./f1operaquaesuper01seneuoft_0301.png"; bbox 0 0 2028 3106; ppageno 0'>
   <div class='ocr_carea' id='block_1_1' title="bbox 119 91 1779 161">
    <p class='ocr_par' dir='ltr' id='par_1_1' title="bbox 119 91 1779 161">
     <span class='ocr_line' id='line_1_1' title="bbox 119 91 1779 161; baseline -0.001 -21"><span class='ocrx_word' id='word_1_1' title='bbox 119 93 520 161; x_wconf 59' lang='lat' dir='ltr'><strong>AQSERENVM</strong></span> <span class='ocrx_word' id='word_1_2' title='bbox 543 93 625 138; x_wconf 88' lang='lat' dir='ltr'><strong>DE</strong></span> <span class='ocrx_word' id='word_1_3' title='bbox 649 91 1182 146; x_wconf 76' lang='lat' dir='ltr'><strong>TRANQVILLITATE</strong></span> <span class='ocrx_word' id='word_1_4' title='bbox 1198 91 1379 136; x_wconf 84' lang='lat' dir='ltr'>ANIMI</span> <span class='ocrx_word' id='word_1_5' title='bbox 1401 91 1527 138; x_wconf 87' lang='lat' dir='ltr'>CAP.</span> <span class='ocrx_word' id='word_1_6' title='bbox 1548 97 1602 137; x_wconf 80' lang='lat'><strong>17</strong></span> <span class='ocrx_word' id='word_1_7' title='bbox 1672 95 1779 148; x_wconf 82' lang='lat'><strong>277</strong></span> 
     </span>
    </p>
   </div>
   <div class='ocr_carea' id='block_1_2' title="bbox 0 212 1786 2218">
    <p class='ocr_par' dir='ltr' id='par_1_2' title="bbox 0 212 1786 2218">
     <span class='ocr_line' id='line_1_2' title="bbox 89 212 1782 284; baseline -0.002 -13"><span class='ocrx_word' id='word_1_8' title='bbox 89 216 268 270; x_wconf 90' lang='lat' dir='ltr'><strong>dinem</strong></span> <span class='ocrx_word' id='word_1_9' title='bbox 317 216 524 270; x_wconf 87' lang='lat' dir='ltr'><strong>duabus</strong></span> <span class='ocrx_word' id='word_1_10' title='bbox 568 214 676 268; x_wconf 91' lang='lat' dir='ltr'><strong>illis</strong></span> <span class='ocrx_word' id='word_1_11' title='bbox 714 213 862 267; x_wconf 88' lang='lat' dir='ltr'><strong>horis</strong></span> <span class='ocrx_word' id='word_1_12' title='bbox 899 213 1149 284; x_wconf 89' lang='lat' dir='ltr'><strong>ponebat.</strong></span> <span class='ocrx_word' id='word_1_13' title='bbox 1226 212 1443 282; x_wconf 89' lang='lat' dir='ltr'><strong>quidam</strong></span> <span class='ocrx_word' id='word_1_14' title='bbox 1484 214 1658 268; x_wconf 91' lang='lat' dir='ltr'><strong>medio</strong></span> <span class='ocrx_word' id='word_1_15' title='bbox 1698 214 1782 267; x_wconf 87' lang='lat' dir='ltr'><strong>die</strong></span> 
     </span>
     <span class='ocr_line' id='line_1_3' title="bbox 87 287 1783 358; baseline -0.002 -13"><span class='ocrx_word' id='word_1_16' title='bbox 87 291 516 345; x_wconf 73' lang='lat' dir='ltr'><strong>interiunxerunt</strong></span> <span class='ocrx_word' id='word_1_17' title='bbox 564 292 619 343; x_wconf 92' lang='lat' dir='ltr'><strong>et</strong></span> <span class='ocrx_word' id='word_1_18' title='bbox 666 288 725 341; x_wconf 92' lang='lat' dir='ltr'><strong>in</strong></span> <span class='ocrx_word' id='word_1_19' title='bbox 772 288 1216 358; x_wconf 76' lang='lat' dir='ltr'><strong>postmeridianas</strong></span> <span class='ocrx_word' id='word_1_20' title='bbox 1266 287 1426 341; x_wconf 90' lang='lat' dir='ltr'><strong>horas</strong></span> <span class='ocrx_word' id='word_1_21' title='bbox 1472 288 1675 358; x_wconf 90' lang='lat' dir='ltr'><strong>aliquid</strong></span> <span class='ocrx_word' id='word_1_22' title='bbox 1711 289 1783 342; x_wconf 92' lang='lat' dir='ltr'><strong>le-</strong></span> 
     </span>
     <span class='ocr_line' id='line_1_4' title="bbox 87 363 1783 446; baseline -0.002 -27"><span class='ocrx_word' id='word_1_23' title='bbox 87 365 251 419; x_wconf 79' lang='lat' dir='ltr'><strong>vioris</strong></span> <span class='ocrx_word' id='word_1_24' title='bbox 283 382 473 436; x_wconf 89' lang='lat' dir='ltr'><strong>operae</strong></span> <span class='ocrx_word' id='word_1_25' title='bbox 504 363 838 416; x_wconf 86' lang='lat' dir='ltr'><strong>distulerunt.</strong></span> <span class='ocrx_word' id='word_1_26' title='bbox 900 363 1127 416; x_wconf 87' lang='lat' dir='ltr'><strong>maiores</strong></span> <span class='ocrx_word' id='word_1_27' title='bbox 1152 379 1366 446; x_wconf 88' lang='lat' dir='ltr'><strong>quoque</strong></span> <span class='ocrx_word' id='word_1_28' title='bbox 1395 363 1567 416; x_wconf 80' lang='lat' dir='ltr'><strong>nostri</strong></span> <span class='ocrx_word' id='word_1_29' title='bbox 1588 381 1783 417; x_wconf 85' lang='lat' dir='ltr'><strong>novam</strong></span> 
     </span>
     <span class='ocr_line' id='line_1_5' title="bbox 86 436 1783 507; baseline -0.002 -13"><span class='ocrx_word' id='word_1_30' title='bbox 86 440 399 494; x_wconf 74' lang='lat' dir='ltr'><strong>relationem</strong></span> <span class='ocrx_word' id='word_1_31' title='bbox 444 441 571 507; x_wconf 90' lang='lat' dir='ltr'><strong>post</strong></span> <span class='ocrx_word' id='word_1_32' title='bbox 613 438 802 491; x_wconf 89' lang='lat' dir='ltr'><strong>horam</strong></span> <span class='ocrx_word' id='word_1_33' title='bbox 852 436 1129 491; x_wconf 79' lang='lat' dir='ltr'><strong>decumam</strong></span> <span class='ocrx_word' id='word_1_34' title='bbox 1166 437 1224 491; x_wconf 93' lang='lat' dir='ltr'><strong>in</strong></span> <span class='ocrx_word' id='word_1_35' title='bbox 1261 438 1450 489; x_wconf 89' lang='lat' dir='ltr'><strong>senatu</strong></span> <span class='ocrx_word' id='word_1_36' title='bbox 1487 437 1605 491; x_wconf 90' lang='lat' dir='ltr'><strong>fieri</strong></span> <span class='ocrx_word' id='word_1_37' title='bbox 1642 441 1783 492; x_wconf 84' lang='lat' dir='ltr'><strong>veta—</strong></span> 
     </span>
     <span class='ocr_line' id='line_1_6' title="bbox 37 510 1783 583; baseline -0.001 -15"><span class='ocrx_word' id='word_1_38' title='bbox 37 535 56 568; x_wconf 78' lang='lat'>⁵</span> <span class='ocrx_word' id='word_1_39' title='bbox 87 515 232 568; x_wconf 90' lang='lat' dir='ltr'><strong>bant.</strong></span> <span class='ocrx_word' id='word_1_40' title='bbox 309 513 462 566; x_wconf 85' lang='lat' dir='ltr'><strong>miles</strong></span> <span class='ocrx_word' id='word_1_41' title='bbox 514 511 727 583; x_wconf 82' lang='lat' dir='ltr'><strong>vigilias</strong></span> <span class='ocrx_word' id='word_1_42' title='bbox 774 511 988 581; x_wconf 83' lang='lat' dir='ltr'><strong>dividit,</strong></span> <span class='ocrx_word' id='word_1_43' title='bbox 1036 515 1090 566; x_wconf 92' lang='lat' dir='ltr'><strong>et</strong></span> <span class='ocrx_word' id='word_1_44' title='bbox 1134 528 1244 564; x_wconf 83' lang='lat' dir='ltr'><strong>nox</strong></span> <span class='ocrx_word' id='word_1_45' title='bbox 1292 510 1527 581; x_wconf 83' lang='lat' dir='ltr'><strong>inmunis</strong></span> <span class='ocrx_word' id='word_1_46' title='bbox 1582 515 1664 565; x_wconf 89' lang='lat' dir='ltr'><strong>est</strong></span> <span class='ocrx_word' id='word_1_47' title='bbox 1717 512 1783 566; x_wconf 88' lang='lat' dir='ltr'><strong>ab</strong></span> 
     </span>
     <span class='ocr_line' id='line_1_7' title="bbox 87 553 1784 669; baseline -0.001 -28"><span class='ocrx_word' id='word_1_48' title='bbox 87 587 426 658; x_wconf 82' lang='lat' dir='ltr'><strong>expeditione</strong></span> <span class='ocrx_word' id='word_1_49' title='bbox 463 586 815 640; x_wconf 85' lang='lat' dir='ltr'><strong>redeuntium.</strong></span> <span class='ocrx_word' id='word_1_50' title='bbox 891 553 1286 669; x_wconf 71' lang='lat' dir='ltr'><strong>indulgendum</strong></span> <span class='ocrx_word' id='word_1_51' title='bbox 1318 574 1400 637; x_wconf 83' lang='lat' dir='ltr'><strong>est</strong></span> <span class='ocrx_word' id='word_1_52' title='bbox 1437 585 1617 639; x_wconf 84' lang='lat' dir='ltr'><strong>animo</strong></span> <span class='ocrx_word' id='word_1_53' title='bbox 1657 586 1784 639; x_wconf 90' lang='lat' dir='ltr'><strong>dan·</strong></span> 
     </span>
     <span class='ocr_line' id='line_1_8' title="bbox 87 657 1782 731; baseline -0.001 -16"><span class='ocrx_word' id='word_1_54' title='bbox 87 662 323 731; x_wconf 89' lang='lat' dir='ltr'><strong>dumque</strong></span> <span class='ocrx_word' id='word_1_55' title='bbox 361 661 588 715; x_wconf 90' lang='lat' dir='ltr'><strong>subinde</strong></span> <span class='ocrx_word' id='word_1_56' title='bbox 627 660 819 728; x_wconf 89' lang='lat' dir='ltr'><strong>otium,</strong></span> <span class='ocrx_word' id='word_1_57' title='bbox 866 661 1012 730; x_wconf 89' lang='lat' dir='ltr'><strong>quod</strong></span> <span class='ocrx_word' id='word_1_58' title='bbox 1050 657 1290 714; x_wconf 86' lang='lat' dir='ltr'><strong>alimenti</strong></span> <span class='ocrx_word' id='word_1_59' title='bbox 1328 676 1390 712; x_wconf 89' lang='lat' dir='ltr'><strong>ac</strong></span> <span class='ocrx_word' id='word_1_60' title='bbox 1427 658 1623 712; x_wconf 82' lang='lat' dir='ltr'><strong>virium</strong></span> <span class='ocrx_word' id='word_1_61' title='bbox 1662 661 1782 714; x_wconf 87' lang='lat' dir='ltr'><strong>loco</strong></span> 
     </span>
     <span class='ocr_line' id='line_1_9' title="bbox 87 732 1783 804; baseline -0.001 -14"><span class='ocrx_word' id='word_1_62' title='bbox 87 736 169 790; x_wconf 90' lang='lat' dir='ltr'><strong>sit.</strong></span> <span class='ocrx_word' id='word_1_63' title='bbox 247 739 302 790; x_wconf 91' lang='lat' dir='ltr'><strong>et</strong></span> <span class='ocrx_word' id='word_1_64' title='bbox 338 735 396 790; x_wconf 91' lang='lat' dir='ltr'><strong>in</strong></span> <span class='ocrx_word' id='word_1_65' title='bbox 434 734 886 789; x_wconf 84' lang='lat' dir='ltr'><strong>ambulationibus</strong></span> <span class='ocrx_word' id='word_1_66' title='bbox 926 735 1124 804; x_wconf 91' lang='lat' dir='ltr'><strong>apertis</strong></span> <span class='ocrx_word' id='word_1_67' title='bbox 1162 732 1490 804; x_wconf 83' lang='lat' dir='ltr'><strong>vagandum,</strong></span> <span class='ocrx_word' id='word_1_68' title='bbox 1535 738 1598 787; x_wconf 88' lang='lat' dir='ltr'><strong>ut</strong></span> <span class='ocrx_word' id='word_1_69' title='bbox 1636 735 1783 788; x_wconf 90' lang='lat' dir='ltr'><strong>caelo</strong></span> 
     </span>
     <span class='ocr_line' id='line_1_10' title="bbox 85 808 1784 880; baseline -0.002 -15"><span class='ocrx_word' id='word_1_70' title='bbox 85 811 254 865; x_wconf 91' lang='lat' dir='ltr'><strong>libero</strong></span> <span class='ocrx_word' id='word_1_71' title='bbox 305 814 360 865; x_wconf 94' lang='lat' dir='ltr'><strong>et</strong></span> <span class='ocrx_word' id='word_1_72' title='bbox 408 811 579 864; x_wconf 90' lang='lat' dir='ltr'><strong>multo</strong></span> <span class='ocrx_word' id='word_1_73' title='bbox 627 809 819 878; x_wconf 88' lang='lat' dir='ltr'><strong>spiritu</strong></span> <span class='ocrx_word' id='word_1_74' title='bbox 865 813 1060 880; x_wconf 88' lang='lat' dir='ltr'><strong>augeat</strong></span> <span class='ocrx_word' id='word_1_75' title='bbox 1097 809 1415 876; x_wconf 87' lang='lat' dir='ltr'><strong>attollatque</strong></span> <span class='ocrx_word' id='word_1_76' title='bbox 1455 825 1512 860; x_wconf 91' lang='lat' dir='ltr'><strong>se</strong></span> <span class='ocrx_word' id='word_1_77' title='bbox 1550 808 1784 875; x_wconf 83' lang='lat' dir='ltr'><strong>animus3</strong></span> 
     </span>
     <span class='ocr_line' id='line_1_11' title="bbox 11 881 1784 955; baseline -0.003 -15"><span class='ocrx_word' id='word_1_78' title='bbox 11 907 56 940; x_wconf 83' lang='grc' dir='ltr'><strong>ιο</strong></span> <span class='ocrx_word' id='word_1_79' title='bbox 86 886 374 955; x_wconf 88' lang='lat' dir='ltr'><strong>aliquando</strong></span> <span class='ocrx_word' id='word_1_80' title='bbox 427 883 657 937; x_wconf 82' lang='lat' dir='ltr'><strong>vectatio</strong></span> <span class='ocrx_word' id='word_1_81' title='bbox 712 883 921 953; x_wconf 90' lang='lat' dir='ltr'><strong>iterque</strong></span> <span class='ocrx_word' id='word_1_82' title='bbox 975 887 1030 938; x_wconf 91' lang='lat' dir='ltr'><strong>et</strong></span> <span class='ocrx_word' id='word_1_83' title='bbox 1082 886 1288 937; x_wconf 89' lang='lat' dir='ltr'><strong>mutata</strong></span> <span class='ocrx_word' id='word_1_84' title='bbox 1341 881 1488 951; x_wconf 89' lang='lat' dir='ltr'><strong>regio</strong></span> <span class='ocrx_word' id='word_1_85' title='bbox 1542 881 1784 952; x_wconf 78' lang='lat' dir='ltr'><strong>vigorem</strong></span> 
     </span>
     <span class='ocr_line' id='line_1_12' title="bbox 86 956 1784 1028; baseline -0.005 -13"><span class='ocrx_word' id='word_1_86' title='bbox 86 960 291 1014; x_wconf 90' lang='lat' dir='ltr'><strong>dabunt</strong></span> <span class='ocrx_word' id='word_1_87' title='bbox 327 957 710 1027; x_wconf 80' lang='lat' dir='ltr'><strong>convictusque</strong></span> <span class='ocrx_word' id='word_1_88' title='bbox 742 961 796 1011; x_wconf 91' lang='lat' dir='ltr'><strong>et</strong></span> <span class='ocrx_word' id='word_1_89' title='bbox 823 958 1097 1012; x_wconf 87' lang='lat' dir='ltr'><strong>liberalior</strong></span> <span class='ocrx_word' id='word_1_90' title='bbox 1125 956 1290 1028; x_wconf 88' lang='lat' dir='ltr'><strong>potio.</strong></span> <span class='ocrx_word' id='word_1_91' title='bbox 1350 973 1461 1008; x_wconf 91' lang='lat' dir='ltr'><strong>non</strong></span> <span class='ocrx_word' id='word_1_92' title='bbox 1490 973 1784 1024; x_wconf 88' lang='lat' dir='ltr'><strong>numquam</strong></span> 
     </span>
     <span class='ocr_line' id='line_1_13' title="bbox 85 1031 1786 1102; baseline -0.004 -14"><span class='ocrx_word' id='word_1_93' title='bbox 85 1038 140 1088; x_wconf 91' lang='lat' dir='ltr'><strong>et</strong></span> <span class='ocrx_word' id='word_1_94' title='bbox 190 1050 361 1101; x_wconf 92' lang='lat' dir='ltr'><strong>usque</strong></span> <span class='ocrx_word' id='word_1_95' title='bbox 414 1031 482 1085; x_wconf 90' lang='lat' dir='ltr'><strong>ad</strong></span> <span class='ocrx_word' id='word_1_96' title='bbox 534 1031 846 1086; x_wconf 88' lang='lat' dir='ltr'><strong>ebrietatem</strong></span> <span class='ocrx_word' id='word_1_97' title='bbox 899 1032 1241 1101; x_wconf 81' lang='lat' dir='ltr'><strong>veniendum,</strong></span> <span class='ocrx_word' id='word_1_98' title='bbox 1300 1047 1411 1084; x_wconf 91' lang='lat' dir='ltr'><strong>non</strong></span> <span class='ocrx_word' id='word_1_99' title='bbox 1462 1032 1525 1082; x_wconf 90' lang='lat' dir='ltr'><strong>ut</strong></span> <span class='ocrx_word' id='word_1_100' title='bbox 1577 1033 1786 1102; x_wconf 85' lang='lat' dir='ltr'><strong>mergat</strong></span> 
     </span>
     <span class='ocr_line' id='line_1_14' title="bbox 84 1103 1783 1177; baseline -0.003 -16"><span class='ocrx_word' id='word_1_101' title='bbox 84 1124 183 1161; x_wconf 89' lang='lat' dir='ltr'><strong>nos</strong></span> <span class='ocrx_word' id='word_1_102' title='bbox 190 1147 207 1175; x_wconf 87' lang='lat'><em>,</em></span> <span class='ocrx_word' id='word_1_103' title='bbox 258 1105 351 1159; x_wconf 88' lang='lat' dir='ltr'><strong>sed</strong></span> <span class='ocrx_word' id='word_1_104' title='bbox 404 1109 466 1159; x_wconf 90' lang='lat' dir='ltr'><strong>ut</strong></span> <span class='ocrx_word' id='word_1_105' title='bbox 518 1105 807 1177; x_wconf 82' lang='lat' dir='ltr'><strong>deprimat3</strong></span> <span class='ocrx_word' id='word_1_106' title='bbox 868 1108 1001 1161; x_wconf 84' lang='lat' dir='ltr'><strong>eluit</strong></span> <span class='ocrx_word' id='word_1_107' title='bbox 1053 1107 1196 1160; x_wconf 90' lang='lat' dir='ltr'><strong>enim</strong></span> <span class='ocrx_word' id='word_1_108' title='bbox 1246 1122 1398 1159; x_wconf 87' lang='lat' dir='ltr'><strong>curas</strong></span> <span class='ocrx_word' id='word_1_109' title='bbox 1448 1106 1502 1157; x_wconf 91' lang='lat' dir='ltr'><strong>et</strong></span> <span class='ocrx_word' id='word_1_110' title='bbox 1554 1103 1620 1156; x_wconf 90' lang='lat' dir='ltr'><strong>ab</strong></span> <span class='ocrx_word' id='word_1_111' title='bbox 1675 1105 1783 1158; x_wconf 92' lang='lat' dir='ltr'><strong>imo</strong></span> 
     </span>
     <span class='ocr_line' id='line_1_15' title="bbox 84 1178 1785 1250; baseline -0.002 -15"><span class='ocrx_word' id='word_1_112' title='bbox 84 1181 322 1235; x_wconf 86' lang='lat' dir='ltr'><strong>animum</strong></span> <span class='ocrx_word' id='word_1_113' title='bbox 371 1183 551 1234; x_wconf 82' lang='lat' dir='ltr'><strong>movet</strong></span> <span class='ocrx_word' id='word_1_114' title='bbox 600 1184 654 1235; x_wconf 90' lang='lat' dir='ltr'><strong>et</strong></span> <span class='ocrx_word' id='word_1_115' title='bbox 701 1185 764 1235; x_wconf 89' lang='lat' dir='ltr'><strong>ut</strong></span> <span class='ocrx_word' id='word_1_116' title='bbox 812 1182 1014 1235; x_wconf 90' lang='lat' dir='ltr'><strong>morbis</strong></span> <span class='ocrx_word' id='word_1_117' title='bbox 1065 1180 1383 1250; x_wconf 90' lang='lat' dir='ltr'><strong>quibusdam</strong></span> <span class='ocrx_word' id='word_1_118' title='bbox 1420 1178 1498 1231; x_wconf 89' lang='lat' dir='ltr'><strong>ita</strong></span> <span class='ocrx_word' id='word_1_119' title='bbox 1533 1178 1785 1232; x_wconf 87' lang='lat' dir='ltr'><strong>tristitiae</strong></span> 
     </span>
     <span class='ocr_line' id='line_1_16' title="bbox 13 1251 1786 1326; baseline -0.002 -17"><span class='ocrx_word' id='word_1_120' title='bbox 13 1276 53 1309; x_wconf 66' lang='grc' dir='ltr'><strong>ιε</strong></span> <span class='ocrx_word' id='word_1_121' title='bbox 84 1254 348 1324; x_wconf 88' lang='lat' dir='ltr'><strong>medetur,</strong></span> <span class='ocrx_word' id='word_1_122' title='bbox 385 1254 653 1326; x_wconf 91' lang='lat' dir='ltr'><strong>Liberque</strong></span> <span class='ocrx_word' id='word_1_123' title='bbox 690 1274 802 1310; x_wconf 91' lang='lat' dir='ltr'><strong>non</strong></span> <span class='ocrx_word' id='word_1_124' title='bbox 841 1256 910 1309; x_wconf 95' lang='lat' dir='ltr'><strong>ob</strong></span> <span class='ocrx_word' id='word_1_125' title='bbox 948 1255 1221 1309; x_wconf 90' lang='lat' dir='ltr'><strong>licentiam</strong></span> <span class='ocrx_word' id='word_1_126' title='bbox 1251 1253 1466 1325; x_wconf 86' lang='lat' dir='ltr'><strong>linguae</strong></span> <span class='ocrx_word' id='word_1_127' title='bbox 1499 1251 1673 1305; x_wconf 91' lang='lat' dir='ltr'><strong>dictus</strong></span> <span class='ocrx_word' id='word_1_128' title='bbox 1705 1256 1786 1306; x_wconf 88' lang='lat' dir='ltr'><strong>est</strong></span> 
     </span>
     <span class='ocr_line' id='line_1_17' title="bbox 84 1327 1785 1400; baseline -0.002 -17"><span class='ocrx_word' id='word_1_129' title='bbox 84 1330 334 1383; x_wconf 85' lang='lat' dir='ltr'><strong>inventor</strong></span> <span class='ocrx_word' id='word_1_130' title='bbox 380 1329 514 1399; x_wconf 81' lang='lat' dir='ltr'><strong>vini,</strong></span> <span class='ocrx_word' id='word_1_131' title='bbox 568 1330 661 1385; x_wconf 91' lang='lat' dir='ltr'><strong>sed</strong></span> <span class='ocrx_word' id='word_1_132' title='bbox 712 1329 839 1400; x_wconf 90' lang='lat' dir='ltr'><strong>quia</strong></span> <span class='ocrx_word' id='word_1_133' title='bbox 885 1329 1078 1383; x_wconf 90' lang='lat' dir='ltr'><strong>liberat</strong></span> <span class='ocrx_word' id='word_1_134' title='bbox 1123 1328 1341 1382; x_wconf 80' lang='lat' dir='ltr'><strong>servitio</strong></span> <span class='ocrx_word' id='word_1_135' title='bbox 1389 1344 1637 1381; x_wconf 88' lang='lat' dir='ltr'><strong>curarum</strong></span> <span class='ocrx_word' id='word_1_136' title='bbox 1675 1327 1785 1380; x_wconf 91' lang='lat' dir='ltr'><strong>ani-</strong></span> 
     </span>
     <span class='ocr_line' id='line_1_18' title="bbox 85 1400 1783 1476; baseline -0.002 -19"><span class='ocrx_word' id='word_1_137' title='bbox 85 1421 234 1457; x_wconf 91' lang='lat' dir='ltr'><strong>mum</strong></span> <span class='ocrx_word' id='word_1_138' title='bbox 287 1406 342 1457; x_wconf 90' lang='lat' dir='ltr'><strong>et</strong></span> <span class='ocrx_word' id='word_1_139' title='bbox 393 1403 593 1459; x_wconf 89' lang='lat' dir='ltr'><strong>adserit</strong></span> <span class='ocrx_word' id='word_1_140' title='bbox 644 1406 966 1476; x_wconf 81' lang='lat' dir='ltr'><strong>vegetatque</strong></span> <span class='ocrx_word' id='word_1_141' title='bbox 1019 1406 1074 1457; x_wconf 92' lang='lat' dir='ltr'><strong>et</strong></span> <span class='ocrx_word' id='word_1_142' title='bbox 1126 1402 1463 1457; x_wconf 90' lang='lat' dir='ltr'><strong>audaciorem</strong></span> <span class='ocrx_word' id='word_1_143' title='bbox 1501 1400 1559 1454; x_wconf 92' lang='lat' dir='ltr'><strong>in</strong></span> <span class='ocrx_word' id='word_1_144' title='bbox 1610 1401 1783 1454; x_wconf 90' lang='lat' dir='ltr'><strong>omnis</strong></span> 
     </span>
     <span class='ocr_line' id='line_1_19' title="bbox 85 1475 1784 1534; baseline -0.003 -2"><span class='ocrx_word' id='word_1_145' title='bbox 85 1480 308 1532; x_wconf 88' lang='lat' dir='ltr'><strong>conatus</strong></span> <span class='ocrx_word' id='word_1_146' title='bbox 346 1477 489 1533; x_wconf 83' lang='lat' dir='ltr'><strong>facit.</strong></span> <span class='ocrx_word' id='word_1_147' title='bbox 551 1479 647 1534; x_wconf 88' lang='lat' dir='ltr'><strong>sed</strong></span> <span class='ocrx_word' id='word_1_148' title='bbox 684 1483 749 1533; x_wconf 91' lang='lat' dir='ltr'><strong>ut</strong></span> <span class='ocrx_word' id='word_1_149' title='bbox 783 1478 1048 1533; x_wconf 88' lang='lat' dir='ltr'><strong>libertatis</strong></span> <span class='ocrx_word' id='word_1_150' title='bbox 1086 1477 1164 1532; x_wconf 88' lang='lat' dir='ltr'><strong>ita</strong></span> <span class='ocrx_word' id='word_1_151' title='bbox 1199 1477 1315 1531; x_wconf 80' lang='lat' dir='ltr'><strong>vini</strong></span> <span class='ocrx_word' id='word_1_152' title='bbox 1346 1475 1574 1530; x_wconf 88' lang='lat' dir='ltr'><strong>salubris</strong></span> <span class='ocrx_word' id='word_1_153' title='bbox 1606 1475 1784 1529; x_wconf 90' lang='lat' dir='ltr'><strong>mode-</strong></span> 
     </span>
     <span class='ocr_line' id='line_1_20' title="bbox 85 1549 1785 1624; baseline -0.001 -19"><span class='ocrx_word' id='word_1_154' title='bbox 85 1552 221 1606; x_wconf 88' lang='lat' dir='ltr'><strong>ratio</strong></span> <span class='ocrx_word' id='word_1_155' title='bbox 252 1555 347 1606; x_wconf 88' lang='lat' dir='ltr'><strong>est.</strong></span> <span class='ocrx_word' id='word_1_156' title='bbox 402 1551 657 1608; x_wconf 88' lang='lat' dir='ltr'><strong>Solonem</strong></span> <span class='ocrx_word' id='word_1_157' title='bbox 680 1551 1066 1624; x_wconf 85' lang='lat' dir='ltr'><strong>Arcesilanque</strong></span> <span class='ocrx_word' id='word_1_158' title='bbox 1088 1551 1373 1606; x_wconf 87' lang='lat' dir='ltr'><strong>indulsisse</strong></span> <span class='ocrx_word' id='word_1_159' title='bbox 1395 1551 1522 1604; x_wconf 84' lang='lat' dir='ltr'><strong>vino</strong></span> <span class='ocrx_word' id='word_1_160' title='bbox 1548 1549 1785 1620; x_wconf 83' lang='lat' dir='ltr'><strong>credunt,</strong></span> 
     </span>
     <span class='ocr_line' id='line_1_21' title="bbox 11 1624 1786 1695; baseline -0.002 -14"><span class='ocrx_word' id='word_1_161' title='bbox 11 1648 53 1681; x_wconf 69' lang='grc' dir='ltr'><strong>ιο</strong></span> <span class='ocrx_word' id='word_1_162' title='bbox 85 1625 277 1681; x_wconf 86' lang='lat' dir='ltr'><strong>Catoni</strong></span> <span class='ocrx_word' id='word_1_163' title='bbox 321 1627 548 1683; x_wconf 86' lang='lat' dir='ltr'><strong>ebrietas</strong></span> <span class='ocrx_word' id='word_1_164' title='bbox 598 1628 807 1683; x_wconf 90' lang='lat' dir='ltr'><strong>obiecta</strong></span> <span class='ocrx_word' id='word_1_165' title='bbox 856 1631 959 1682; x_wconf 90' lang='lat' dir='ltr'><strong>est:</strong></span> <span class='ocrx_word' id='word_1_166' title='bbox 1008 1627 1220 1682; x_wconf 74' lang='lat' dir='ltr'><strong>facilius</strong></span> <span class='ocrx_word' id='word_1_167' title='bbox 1271 1625 1493 1695; x_wconf 88' lang='lat' dir='ltr'><strong>efficiet,</strong></span> <span class='ocrx_word' id='word_1_168' title='bbox 1542 1624 1786 1695; x_wconf 89' lang='lat' dir='ltr'><strong>quisquis</strong></span> 
     </span>
     <span class='ocr_line' id='line_1_22' title="bbox 85 1697 1786 1771; baseline -0.001 -16"><span class='ocrx_word' id='word_1_169' title='bbox 85 1701 282 1756; x_wconf 86' lang='lat' dir='ltr'><strong>obiecit</strong></span> <span class='ocrx_word' id='word_1_170' title='bbox 325 1702 396 1771; x_wconf 90' lang='lat' dir='ltr'><strong>ei,</strong></span> <span class='ocrx_word' id='word_1_171' title='bbox 450 1703 653 1757; x_wconf 78' lang='lat' dir='ltr'><strong>crimen</strong></span> <span class='ocrx_word' id='word_1_172' title='bbox 696 1702 986 1757; x_wconf 89' lang='lat' dir='ltr'><strong>honestum</strong></span> <span class='ocrx_word' id='word_1_173' title='bbox 1039 1719 1200 1771; x_wconf 92' lang='lat' dir='ltr'><strong>quam</strong></span> <span class='ocrx_word' id='word_1_174' title='bbox 1250 1704 1465 1771; x_wconf 88' lang='lat' dir='ltr'><strong>turpem</strong></span> <span class='ocrx_word' id='word_1_175' title='bbox 1513 1697 1786 1754; x_wconf 85' lang='lat' dir='ltr'><strong>Catonem.</strong></span> 
     </span>
     <span class='ocr_line' id='line_1_23' title="bbox 84 1775 1786 1847; baseline -0.001 -18"><span class='ocrx_word' id='word_1_176' title='bbox 84 1775 177 1829; x_wconf 86' lang='lat' dir='ltr'><strong>sed</strong></span> <span class='ocrx_word' id='word_1_177' title='bbox 224 1794 324 1831; x_wconf 91' lang='lat' dir='ltr'><strong>nec</strong></span> <span class='ocrx_word' id='word_1_178' title='bbox 372 1794 531 1847; x_wconf 86' lang='lat' dir='ltr'><strong>saepe</strong></span> <span class='ocrx_word' id='word_1_179' title='bbox 566 1777 873 1832; x_wconf 87' lang='lat' dir='ltr'><strong>faciendum</strong></span> <span class='ocrx_word' id='word_1_180' title='bbox 912 1780 1017 1847; x_wconf 86' lang='lat' dir='ltr'><strong>est,</strong></span> <span class='ocrx_word' id='word_1_181' title='bbox 1068 1794 1137 1830; x_wconf 92' lang='lat' dir='ltr'><strong>ne</strong></span> <span class='ocrx_word' id='word_1_182' title='bbox 1175 1775 1386 1829; x_wconf 83' lang='lat' dir='ltr'><strong>animus</strong></span> <span class='ocrx_word' id='word_1_183' title='bbox 1425 1775 1623 1829; x_wconf 89' lang='lat' dir='ltr'><strong>malam</strong></span> <span class='ocrx_word' id='word_1_184' title='bbox 1663 1793 1786 1829; x_wconf 91' lang='lat' dir='ltr'><strong>con-</strong></span> 
     </span>
     <span class='ocr_line' id='line_1_24' title="bbox 84 1849 1785 1921; baseline -0.001 -18"><span class='ocrx_word' id='word_1_185' title='bbox 84 1850 421 1905; x_wconf 85' lang='lat' dir='ltr'><strong>suetudinem</strong></span> <span class='ocrx_word' id='word_1_186' title='bbox 460 1851 642 1921; x_wconf 89' lang='lat' dir='ltr'><strong>ducat,</strong></span> <span class='ocrx_word' id='word_1_187' title='bbox 687 1855 743 1905; x_wconf 91' lang='lat' dir='ltr'><strong>et</strong></span> <span class='ocrx_word' id='word_1_188' title='bbox 777 1850 1068 1921; x_wconf 86' lang='lat' dir='ltr'><strong>aliquando</strong></span> <span class='ocrx_word' id='word_1_189' title='bbox 1100 1854 1282 1904; x_wconf 90' lang='lat' dir='ltr'><strong>tamen</strong></span> <span class='ocrx_word' id='word_1_190' title='bbox 1311 1849 1371 1904; x_wconf 92' lang='lat' dir='ltr'><strong>in</strong></span> <span class='ocrx_word' id='word_1_191' title='bbox 1400 1849 1785 1904; x_wconf 87' lang='lat' dir='ltr'><strong>exultationem</strong></span> 
     </span>
     <span class='ocr_line' id='line_1_25' title="bbox 83 1924 1785 1996; baseline -0.001 -18"><span class='ocrx_word' id='word_1_192' title='bbox 83 1924 491 1995; x_wconf 85' lang='lat' dir='ltr'><strong>libertatemque</strong></span> <span class='ocrx_word' id='word_1_193' title='bbox 548 1925 907 1980; x_wconf 80' lang='lat' dir='ltr'><strong>extrahendus</strong></span> <span class='ocrx_word' id='word_1_194' title='bbox 964 1925 1242 1996; x_wconf 89' lang='lat' dir='ltr'><strong>tristisque</strong></span> <span class='ocrx_word' id='word_1_195' title='bbox 1301 1924 1559 1978; x_wconf 90' lang='lat' dir='ltr'><strong>sobrietas</strong></span> <span class='ocrx_word' id='word_1_196' title='bbox 1615 1941 1785 1977; x_wconf 93' lang='lat' dir='ltr'><strong>remo-</strong></span> 
     </span>
     <span class='ocr_line' id='line_1_26' title="bbox 10 1997 1785 2071; baseline -0.002 -18"><span class='ocrx_word' id='word_1_197' title='bbox 10 2019 53 2053; x_wconf 71' lang='grc' dir='ltr'><strong>ιι»</strong></span> <span class='ocrx_word' id='word_1_198' title='bbox 85 1998 256 2053; x_wconf 80' lang='lat' dir='ltr'><strong>venda</strong></span> <span class='ocrx_word' id='word_1_199' title='bbox 306 1999 592 2069; x_wconf 89' lang='lat' dir='ltr'><strong>paulisper.</strong></span> <span class='ocrx_word' id='word_1_200' title='bbox 677 2018 805 2052; x_wconf 89' lang='lat' dir='ltr'><strong>nam</strong></span> <span class='ocrx_word' id='word_1_201' title='bbox 860 2000 972 2053; x_wconf 86' lang='lat' dir='ltr'><strong>sive</strong></span> <span class='ocrx_word' id='word_1_202' title='bbox 1027 1998 1227 2054; x_wconf 72' lang='lat' dir='ltr'><strong>Graeco</strong></span> <span class='ocrx_word' id='word_1_203' title='bbox 1278 2002 1469 2071; x_wconf 90' lang='lat' dir='ltr'><strong>poetae</strong></span> <span class='ocrx_word' id='word_1_204' title='bbox 1520 1997 1785 2053; x_wconf 85' lang='lat' dir='ltr'><strong>credimus</strong></span> 
     </span>
     <span class='ocr_line' id='line_1_27' title="bbox 0 2070 1786 2143; baseline -0.001 -17"><span class='ocrx_word' id='word_1_205' title='bbox 0 2088 3 2103; x_wconf 60' lang='lat'><strong>‘&gt;</strong></span> <span class='ocrx_word' id='word_1_206' title='bbox 85 2072 401 2143; x_wconf 77' lang='lat' dir='ltr'><strong>‘aliquando</strong></span> <span class='ocrx_word' id='word_1_207' title='bbox 462 2076 517 2126; x_wconf 93' lang='lat' dir='ltr'><strong>et</strong></span> <span class='ocrx_word' id='word_1_208' title='bbox 575 2072 807 2127; x_wconf 88' lang='lat' dir='ltr'><strong>insanire</strong></span> <span class='ocrx_word' id='word_1_209' title='bbox 867 2073 1161 2128; x_wconf 90' lang='lat' dir='ltr'><strong>iucundum</strong></span> <span class='ocrx_word' id='word_1_210' title='bbox 1223 2073 1346 2142; x_wconf 87' lang='lat' dir='ltr'><strong>est&#39;,</strong></span> <span class='ocrx_word' id='word_1_211' title='bbox 1406 2073 1517 2127; x_wconf 82' lang='lat' dir='ltr'><strong>sive</strong></span> <span class='ocrx_word' id='word_1_212' title='bbox 1571 2070 1786 2126; x_wconf 89' lang='lat' dir='ltr'><strong>Platoni</strong></span> 
     </span>
     <span class='ocr_line' id='line_1_28' title="bbox 86 2143 1786 2218; baseline -0.001 -15.985"><span class='ocrx_word' id='word_1_213' title='bbox 86 2148 309 2202; x_wconf 69' lang='lat' dir='ltr'><strong>flustra</strong></span> <span class='ocrx_word' id='word_1_214' title='bbox 342 2146 579 2217; x_wconf 85' lang='lat' dir='ltr'><strong>poeticas</strong></span> <span class='ocrx_word' id='word_1_215' title='bbox 609 2147 750 2201; x_wconf 88' lang='lat' dir='ltr'><strong>fores</strong></span> <span class='ocrx_word' id='word_1_216' title='bbox 782 2164 1004 2217; x_wconf 88' lang='lat' dir='ltr'><strong>compos</strong></span> <span class='ocrx_word' id='word_1_217' title='bbox 1035 2148 1120 2201; x_wconf 87' lang='lat' dir='ltr'><strong>sui</strong></span> <span class='ocrx_word' id='word_1_218' title='bbox 1150 2146 1398 2218; x_wconf 88' lang='lat' dir='ltr'><strong>pepulit&#39;,</strong></span> <span class='ocrx_word' id='word_1_219' title='bbox 1436 2146 1549 2200; x_wconf 82' lang='lat' dir='ltr'><strong>sive</strong></span> <span class='ocrx_word' id='word_1_220' title='bbox 1580 2143 1786 2201; x_wconf 85' lang='lat' dir='ltr'><strong>Aristo-</strong></span> 
     </span>
    </p>
   </div>
   <div class='ocr_carea' id='block_1_3' title="bbox 86 2276 1783 2396">
    <p class='ocr_par' dir='ltr' id='par_1_3' title="bbox 86 2276 1783 2396">
     <span class='ocr_line' id='line_1_29' title="bbox 233 2276 1783 2336; baseline -0.001 -12"><span class='ocrx_word' id='word_1_221' title='bbox 233 2277 292 2324; x_wconf 75' lang='lat'><strong>25</strong></span> <span class='ocrx_word' id='word_1_222' title='bbox 323 2278 406 2333; x_wconf 75' lang='lat' dir='ltr'><strong>cfr.</strong></span> <span class='ocrx_word' id='word_1_223' title='bbox 431 2280 709 2324; x_wconf 65' lang='lat' dir='ltr'><strong>Ana-creent.</strong></span> <span class='ocrx_word' id='word_1_224' title='bbox 738 2282 769 2324; x_wconf 84' lang='lat'><em>8</em></span> <span class='ocrx_word' id='word_1_225' title='bbox 799 2279 916 2324; x_wconf 85' lang='lat' dir='ltr'><strong>Hor.</strong></span> <span class='ocrx_word' id='word_1_226' title='bbox 941 2291 976 2322; x_wconf 86' lang='lat' dir='ltr'><strong>c.</strong></span> <span class='ocrx_word' id='word_1_227' title='bbox 1002 2278 1086 2322; x_wconf 90' lang='lat' dir='ltr'><strong>IV</strong></span> <span class='ocrx_word' id='word_1_228' title='bbox 1110 2281 1181 2332; x_wconf 82' lang='lat'><strong>12,</strong></span> <span class='ocrx_word' id='word_1_229' title='bbox 1204 2281 1267 2322; x_wconf 84' lang='lat'><strong>28</strong></span> <span class='ocrx_word' id='word_1_230' title='bbox 1295 2277 1312 2336; x_wconf 82' lang='grc' dir='ltr'>Η</span> <span class='ocrx_word' id='word_1_231' title='bbox 1350 2276 1410 2321; x_wconf 78' lang='lat'><strong>26</strong></span> <span class='ocrx_word' id='word_1_232' title='bbox 1437 2278 1560 2322; x_wconf 82' lang='lat' dir='ltr'><strong>Plat.</strong></span> <span class='ocrx_word' id='word_1_233' title='bbox 1587 2278 1783 2323; x_wconf 80' lang='lat' dir='ltr'><strong>Phaedr.</strong></span> 
     </span>
     <span class='ocr_line' id='line_1_30' title="bbox 86 2337 1351 2396; baseline -0.004 -10"><span class='ocrx_word' id='word_1_234' title='bbox 86 2355 121 2386; x_wconf 87' lang='lat' dir='ltr'><strong>c</strong></span> <span class='ocrx_word' id='word_1_235' title='bbox 147 2343 208 2386; x_wconf 82' lang='lat'><strong>22</strong></span> <span class='ocrx_word' id='word_1_236' title='bbox 238 2344 347 2385; x_wconf 72' lang='lat' dir='ltr'><strong>extr.</strong></span> <span class='ocrx_word' id='word_1_237' title='bbox 375 2351 424 2395; x_wconf 80' lang='lat' dir='ltr'><strong>p</strong></span> <span class='ocrx_word' id='word_1_238' title='bbox 448 2341 579 2383; x_wconf 76' lang='lat' dir='ltr'><strong>245a</strong></span> <span class='ocrx_word' id='word_1_239' title='bbox 606 2338 624 2396; x_wconf 83' lang='grc' dir='ltr'><strong>ΙΙ</strong></span> <span class='ocrx_word' id='word_1_240' title='bbox 652 2337 710 2383; x_wconf 77' lang='grc'><strong>27</strong></span> <span class='ocrx_word' id='word_1_241' title='bbox 743 2337 1351 2392; x_wconf 76' lang='lat' dir='ltr'><strong>Aristot.1²roblem.30‚1</strong></span> 
     </span>
    </p>
   </div>
   <div class='ocr_carea' id='block_1_4' title="bbox 0 2426 1785 2961">
    <p class='ocr_par' dir='ltr' id='par_1_4' title="bbox 238 2426 1785 2484">
     <span class='ocr_line' id='line_1_31' title="bbox 238 2426 1785 2484; baseline -0.003 -10"><span class='ocrx_word' id='word_1_242' title='bbox 238 2429 263 2475; x_wconf 82' lang='lat'>7</span> <span class='ocrx_word' id='word_1_243' title='bbox 302 2427 515 2473; x_wconf 84' lang='lat' dir='ltr'><strong>alimenti</strong></span> <span class='ocrx_word' id='word_1_244' title='bbox 550 2427 596 2471; x_wconf 78' lang='lat' dir='ltr'><strong><em>A</em></strong></span> <span class='ocrx_word' id='word_1_245' title='bbox 638 2426 694 2484; x_wconf 91' lang='lat' dir='ltr'><strong>(ti</strong></span> <span class='ocrx_word' id='word_1_246' title='bbox 723 2441 781 2472; x_wconf 86' lang='lat' dir='ltr'><strong>m.</strong></span> <span class='ocrx_word' id='word_1_247' title='bbox 809 2431 835 2471; x_wconf 92' lang='lat'><em>1</em></span> <span class='ocrx_word' id='word_1_248' title='bbox 874 2427 926 2470; x_wconf 81' lang='lat' dir='ltr'><strong>in</strong></span> <span class='ocrx_word' id='word_1_249' title='bbox 963 2439 1054 2470; x_wconf 82' lang='lat' dir='ltr'><strong>ras,</strong></span> <span class='ocrx_word' id='word_1_250' title='bbox 1089 2426 1236 2482; x_wconf 79' lang='lat' dir='ltr'><strong>paulo</strong></span> <span class='ocrx_word' id='word_1_251' title='bbox 1274 2427 1470 2481; x_wconf 82' lang='lat' dir='ltr'><strong>maiore;</strong></span> <span class='ocrx_word' id='word_1_252' title='bbox 1507 2427 1608 2472; x_wconf 76' lang='lat' dir='ltr'><strong>sine</strong></span> <span class='ocrx_word' id='word_1_253' title='bbox 1645 2426 1785 2472; x_wconf 80' lang='lat' dir='ltr'><strong>dubio</strong></span> 
     </span>
    </p>

    <p class='ocr_par' dir='ltr' id='par_1_5' title="bbox 84 2486 1785 2545">
     <span class='ocr_line' id='line_1_32' title="bbox 84 2486 1785 2545; baseline -0.004 -10"><span class='ocrx_word' id='word_1_254' title='bbox 84 2490 180 2545; x_wconf 74' lang='lat' dir='ltr'><strong>suit</strong></span> <span class='ocrx_word' id='word_1_255' title='bbox 220 2488 480 2542; x_wconf 88' lang='lat' dir='ltr'><strong>alimentia)</strong></span> <span class='ocrx_word' id='word_1_256' title='bbox 521 2486 642 2531; x_wconf 84' lang='lat' dir='ltr'><strong>vires</strong></span> <span class='ocrx_word' id='word_1_257' title='bbox 679 2486 910 2532; x_wconf 74' lang='lat' dir='ltr'><strong>interdum</strong></span> <span class='ocrx_word' id='word_1_258' title='bbox 948 2498 1025 2530; x_wconf 77' lang='lat' dir='ltr'><strong>eas</strong></span> <span class='ocrx_word' id='word_1_259' title='bbox 1058 2486 1185 2541; x_wconf 81' lang='lat' dir='ltr'><strong>ipsas</strong></span> <span class='ocrx_word' id='word_1_260' title='bbox 1214 2498 1286 2530; x_wconf 75' lang='lat' dir='ltr'><strong>res</strong></span> <span class='ocrx_word' id='word_1_261' title='bbox 1314 2487 1491 2541; x_wconf 82' lang='lat' dir='ltr'><strong>vocari,</strong></span> <span class='ocrx_word' id='word_1_262' title='bbox 1522 2500 1639 2544; x_wconf 77' lang='lat' dir='ltr'><strong>quae</strong></span> <span class='ocrx_word' id='word_1_263' title='bbox 1667 2486 1785 2531; x_wconf 83' lang='lat' dir='ltr'><strong>vires</strong></span> 
     </span>
    </p>

    <p class='ocr_par' dir='ltr' id='par_1_6' title="bbox 0 2521 1782 2666">
     <span class='ocr_line' id='line_1_33' title="bbox 0 2521 1782 2609; baseline -0.004 -14"><span class='ocrx_word' id='word_1_264' title='bbox 0 2573 2 2609; x_wconf 71' lang='grc' dir='ltr'><strong>ς</strong></span> <span class='ocrx_word' id='word_1_265' title='bbox 86 2549 218 2595; x_wconf 74' lang='lat' dir='ltr'><strong>alant</strong></span> <span class='ocrx_word' id='word_1_266' title='bbox 254 2563 311 2595; x_wconf 83' lang='lat' dir='ltr'><strong>ac</strong></span> <span class='ocrx_word' id='word_1_267' title='bbox 345 2550 543 2606; x_wconf 72' lang='lat' dir='ltr'><strong>firment,</strong></span> <span class='ocrx_word' id='word_1_268' title='bbox 585 2550 733 2591; x_wconf 80' lang='lat' dir='ltr'><strong>monet</strong></span> <span class='ocrx_word' id='word_1_269' title='bbox 763 2545 901 2591; x_wconf 79' lang='lat' dir='ltr'><strong>Gertz</strong></span> <span class='ocrx_word' id='word_1_270' title='bbox 931 2545 1029 2590; x_wconf 85' lang='lat' dir='ltr'><strong>coll.</strong></span> <span class='ocrx_word' id='word_1_271' title='bbox 1067 2543 1196 2589; x_wconf 72' lang='lat' dir='ltr'><strong>ovid.</strong></span> <span class='ocrx_word' id='word_1_272' title='bbox 1221 2550 1308 2590; x_wconf 83' lang='lat' dir='ltr'><strong>art.</strong></span> <span class='ocrx_word' id='word_1_273' title='bbox 1333 2560 1422 2591; x_wconf 88' lang='lat' dir='ltr'><strong>am.</strong></span> <span class='ocrx_word' id='word_1_274' title='bbox 1451 2521 1515 2591; x_wconf 86' lang='lat'><strong>1&#39;1</strong></span> <span class='ocrx_word' id='word_1_275' title='bbox 1539 2549 1630 2591; x_wconf 83' lang='lat'><strong>439</strong></span> <span class='ocrx_word' id='word_1_276' title='bbox 1666 2545 1782 2590; x_wconf 75' lang='lat' dir='ltr'><strong>trist.</strong></span> 
     </span>
     <span class='ocr_line' id='line_1_34' title="bbox 88 2603 1782 2666; baseline -0.004 -14"><span class='ocrx_word' id='word_1_277' title='bbox 88 2608 179 2654; x_wconf 87' lang='lat'><strong>111</strong></span> <span class='ocrx_word' id='word_1_278' title='bbox 202 2613 247 2664; x_wconf 83' lang='lat'><strong>8,</strong></span> <span class='ocrx_word' id='word_1_279' title='bbox 269 2612 328 2654; x_wconf 88' lang='grc'><strong>31</strong></span> <span class='ocrx_word' id='word_1_280' title='bbox 366 2613 560 2666; x_wconf 80' lang='lat' dir='ltr'><strong>(metam.</strong></span> <span class='ocrx_word' id='word_1_281' title='bbox 586 2605 692 2650; x_wconf 87' lang='lat' dir='ltr'><strong>XV</strong></span> <span class='ocrx_word' id='word_1_282' title='bbox 713 2607 818 2663; x_wconf 85' lang='lat'>350)</span> <span class='ocrx_word' id='word_1_283' title='bbox 857 2606 873 2659; x_wconf 82' lang='grc' dir='ltr'><strong>ἰΙ</strong></span> <span class='ocrx_word' id='word_1_284' title='bbox 914 2603 972 2649; x_wconf 78' lang='grc'><strong>13</strong></span> <span class='ocrx_word' id='word_1_285' title='bbox 1003 2609 1111 2660; x_wconf 79' lang='lat' dir='ltr'><strong>post</strong></span> <span class='ocrx_word' id='word_1_286' title='bbox 1149 2603 1266 2649; x_wconf 89' lang='lat' dir='ltr'><strong>eluit</strong></span> <span class='ocrx_word' id='word_1_287' title='bbox 1298 2605 1421 2650; x_wconf 90' lang='lat' dir='ltr'><strong>enim</strong></span> <span class='ocrx_word' id='word_1_288' title='bbox 1458 2606 1594 2650; x_wconf 80' lang='lat' dir='ltr'><strong>Gertz</strong></span> <span class='ocrx_word' id='word_1_289' title='bbox 1623 2603 1782 2648; x_wconf 87' lang='lat' dir='ltr'><strong>viuum</strong></span> 
     </span>
    </p>

    <p class='ocr_par' dir='ltr' id='par_1_7' title="bbox 0 2661 1783 2961">
     <span class='ocr_line' id='line_1_35' title="bbox 0 2661 1782 2725; baseline -0.002 -16"><span class='ocrx_word' id='word_1_290' title='bbox 0 2698 2 2709; x_wconf 74' lang='grc'>,</span> <span class='ocrx_word' id='word_1_291' title='bbox 87 2666 202 2712; x_wconf 77' lang='lat' dir='ltr'><strong>addi</strong></span> <span class='ocrx_word' id='word_1_292' title='bbox 240 2669 406 2724; x_wconf 76' lang='lat' dir='ltr'><strong>voluit,</strong></span> <span class='ocrx_word' id='word_1_293' title='bbox 447 2665 567 2725; x_wconf 76' lang='lat' dir='ltr'><strong>quod</strong></span> <span class='ocrx_word' id='word_1_294' title='bbox 603 2678 698 2711; x_wconf 77' lang='lat' dir='ltr'><strong>non</strong></span> <span class='ocrx_word' id='word_1_295' title='bbox 732 2669 845 2722; x_wconf 75' lang='lat' dir='ltr'><strong>puto</strong></span> <span class='ocrx_word' id='word_1_296' title='bbox 874 2664 1202 2709; x_wconf 76' lang='lat' dir='ltr'><strong>neceesarium:</strong></span> <span class='ocrx_word' id='word_1_297' title='bbox 1238 2669 1293 2710; x_wconf 79' lang='lat' dir='ltr'><strong>ut</strong></span> <span class='ocrx_word' id='word_1_298' title='bbox 1323 2666 1387 2710; x_wconf 82' lang='lat' dir='ltr'><strong>ad</strong></span> <span class='ocrx_word' id='word_1_299' title='bbox 1416 2665 1601 2721; x_wconf 86' lang='lat' dir='ltr'><strong>mergat</strong></span> <span class='ocrx_word' id='word_1_300' title='bbox 1631 2667 1673 2707; x_wconf 84' lang='lat' dir='ltr'><strong>et</strong></span> <span class='ocrx_word' id='word_1_301' title='bbox 1703 2661 1782 2706; x_wconf 90' lang='lat' dir='ltr'><strong>de-</strong></span> 
     </span>
     <span class='ocr_line' id='line_1_36' title="bbox 118 2722 1783 2783; baseline -0.003 -12"><span class='ocrx_word' id='word_1_302' title='bbox 118 2726 283 2782; x_wconf 79' lang='lat' dir='ltr'><strong>rimat,</strong></span> <span class='ocrx_word' id='word_1_303' title='bbox 314 2729 384 2773; x_wconf 71' lang='lat' dir='ltr'><strong>ita</strong></span> <span class='ocrx_word' id='word_1_304' title='bbox 414 2727 477 2772; x_wconf 75' lang='lat' dir='ltr'><strong>ad</strong></span> <span class='ocrx_word' id='word_1_305' title='bbox 508 2724 625 2771; x_wconf 89' lang='lat' dir='ltr'><strong>eluit</strong></span> <span class='ocrx_word' id='word_1_306' title='bbox 654 2737 826 2783; x_wconf 75' lang='lat' dir='ltr'><strong>quoque</strong></span> <span class='ocrx_word' id='word_1_307' title='bbox 854 2723 1045 2769; x_wconf 77' lang='lat' dir='ltr'><strong>subiecti</strong></span> <span class='ocrx_word' id='word_1_308' title='bbox 1075 2723 1171 2768; x_wconf 82' lang='lat' dir='ltr'><strong>loco</strong></span> <span class='ocrx_word' id='word_1_309' title='bbox 1201 2724 1331 2782; x_wconf 88' lang='lat' dir='ltr'><strong>potio</strong></span> <span class='ocrx_word' id='word_1_310' title='bbox 1356 2722 1659 2781; x_wconf 64' lang='lat' dir='ltr'><strong>intellegenda</strong></span> <span class='ocrx_word' id='word_1_311' title='bbox 1681 2727 1746 2767; x_wconf 73' lang='lat' dir='ltr'><strong>est</strong></span> <span class='ocrx_word' id='word_1_312' title='bbox 1766 2722 1783 2780; x_wconf 83' lang='grc' dir='ltr'>Η</span> 
     </span>
     <span class='ocr_line' id='line_1_37' title="bbox 86 2762 1782 2892; baseline -0.003 -1.743"><span class='ocrx_word' id='word_1_313' title='bbox 86 2762 458 2890; x_wconf 48' lang='lat' dir='ltr'><strong>„amm</strong></span> <span class='ocrx_word' id='word_1_314' title='bbox 484 2797 513 2831; x_wconf 47' lang='grc' dir='ltr'><strong>ι</strong></span> <span class='ocrx_word' id='word_1_315' title='bbox 544 2786 677 2892; x_wconf 57' lang='lat'><strong>”²5⁶³</strong></span> <span class='ocrx_word' id='word_1_316' title='bbox 679 2785 865 2890; x_wconf 57' lang='lat'><strong>32⁰⁰</strong></span> <span class='ocrx_word' id='word_1_317' title='bbox 896 2783 1023 2887; x_wconf 54' lang='grc' dir='ltr'><strong>ΔΓ</strong></span> <span class='ocrx_word' id='word_1_318' title='bbox 1053 2782 1070 2840; x_wconf 84' lang='lat'><strong>¹¹</strong></span> <span class='ocrx_word' id='word_1_319' title='bbox 1089 2781 1451 2889; x_wconf 40' lang='lat' dir='ltr'><strong>agam-:1</strong></span> <span class='ocrx_word' id='word_1_320' title='bbox 1483 2796 1605 2887; x_wconf 49' lang='grc' dir='ltr'><strong>εἴτε</strong></span> <span class='ocrx_word' id='word_1_321' title='bbox 1608 2781 1748 2886; x_wconf 57' lang='lat'><strong>¹²22</strong></span> <span class='ocrx_word' id='word_1_322' title='bbox 1726 2788 1782 2836; x_wconf 82' lang='lat'><strong>¹¹</strong></span> 
     </span>
     <span class='ocr_line' id='line_1_38' title="bbox 86 2843 1781 2961; baseline -0.002 -12.998"><span class='ocrx_word' id='word_1_323' title='bbox 86 2843 718 2961; x_wconf 53' lang='grc' dir='ltr'><strong>ηἿὴςωοὲῗιῗἛωέ</strong></span> <span class='ocrx_word' id='word_1_324' title='bbox 744 2855 1090 2949; x_wconf 60' lang='grc' dir='ltr'>ιέοἶιΜΗο</span> <span class='ocrx_word' id='word_1_325' title='bbox 1235 2856 1278 2889; x_wconf 75' lang='lat'><strong>‘²¹</strong></span> <span class='ocrx_word' id='word_1_326' title='bbox 1456 2856 1603 2887; x_wconf 75' lang='lat'><strong>“²²</strong></span> <span class='ocrx_word' id='word_1_327' title='bbox 1752 2855 1781 2886; x_wconf 56' lang='grc' dir='ltr'><em>α</em></span> 
     </span>
    </p>
   </div>
   <div class='ocr_carea' id='block_1_5' title="bbox 1848 1489 1872 1527">
    <p class='ocr_par' dir='ltr' id='par_1_8' title="bbox 1848 1489 1872 1527">
     <span class='ocr_line' id='line_1_39' title="bbox 1848 1489 1872 1527; baseline 0 0"><span class='ocrx_word' id='word_1_328' title='bbox 1848 1489 1872 1527; x_wconf 89' lang='grc'>9</span> 
     </span>
    </p>
   </div>
   <div class='ocr_carea' id='block_1_6' title="bbox 1820 2010 1875 2051">
    <p class='ocr_par' dir='ltr' id='par_1_9' title="bbox 1820 2010 1875 2051">
     <span class='ocr_line' id='line_1_40' title="bbox 1820 2010 1875 2051; baseline -0.018 0"><span class='ocrx_word' id='word_1_329' title='bbox 1820 2010 1875 2051; x_wconf 90' lang='grc'><strong>10</strong></span> 
     </span>
    </p>
   </div>
  </div>
 </body>
</html>
