2028 3106
112 1470 133 1505 ⁵

91 1845 135 1878 10

7 1895 17 1914 Q

91 2219 134 2253 15

589 526 655 586 L.
703 525 1025 587 ANNAEI
1073 525 1442 587 SENECAE

308 674 1112 758 DIALOGORVM
1164 674 1532 757 LIBER
1578 675 1723 756 XI.

838 820 910 854 AD
934 819 1201 854 POLYBIVM

725 924 807 969 DE
841 922 1320 970 CONSOLATIONE.

312 1151 353 1206 Ι.
418 1151 540 1223 [20]
595 1148 722 1183 ***
775 1154 991 1204 nostrae
1047 1168 1350 1221 compares,
1410 1151 1567 1205 firma
1620 1154 1769 1221 sunt3
1832 1151 1878 1205 si
1911 1165 1933 1205 1

162 1228 375 1299 redigas
422 1227 490 1280 ad
537 1226 908 1280 condicionem
955 1229 1178 1280 naturae
1225 1225 1407 1280 omnia
1453 1225 1776 1280 destruentis
1824 1229 1879 1280 et

162 1302 306 1356 unde
338 1300 506 1355 edidit
537 1301 725 1355 eodem
756 1301 1082 1370 revocantiS,
1122 1300 1324 1355 caduca
1354 1304 1495 1354 sunt.
1573 1300 1703 1371 quid
1735 1300 1878 1355 enim

163 1377 468 1431 immortale
500 1394 692 1430 manus
723 1376 979 1430 mortales
1011 1376 1294 1430 fecerunt?
1357 1378 1564 1445 septem
1594 1376 1692 1429 illa
1721 1376 1878 1430 mira-
1954 1373 1958 1421 Ῐ
1998 1406 2003 1433 ·.

164 1452 288 1507 cula
334 1454 388 1506 et
434 1451 481 1505 si
528 1469 636 1521 qua
679 1449 765 1504 his
813 1451 986 1504 multo
1034 1451 1368 1505 mirabiliora
1406 1450 1748 1521 sequentium
1787 1469 1878 1504 an·
1955 1457 1959 1460 “

163 1545 358 1580 norum
409 1526 649 1580 extruxit
705 1525 930 1579 ambitio
994 1525 1283 1595 aliquando
1343 1526 1460 1579 solo
1520 1528 1750 1595 aequata
1801 1525 1879 1579 vi-

165 1605 364 1655 sentur.
442 1601 519 1654 ita
550 1604 653 1655 est:
692 1600 833 1654 nihil
863 1603 1205 1671 perpetuum,
1237 1618 1410 1671 pauca
1441 1600 1696 1654 diuturna
1727 1603 1877 1671 sunt3

165 1676 312 1730 aliud
363 1677 469 1730 alio
522 1676 682 1730 modo
733 1676 927 1748 fragile
978 1679 1082 1745 est,
1131 1694 1310 1729 rerum
1362 1676 1539 1730 exitus
1585 1676 1880 1746 variantur,

165 1755 403 1805 ceterum
458 1751 716 1822 quicquid
771 1751 950 1822 coepit
1004 1754 1059 1805 et
1111 1750 1322 1805 desinit.
1399 1750 1602 1804 mundo
1659 1749 1879 1821 quidam
1909 1762 1935 1802 2

164 1826 441 1880 minantur
500 1826 779 1880 interitum
834 1830 888 1880 et
940 1826 1047 1881 hoc
1099 1826 1436 1895 universum,
1496 1825 1643 1896 quod
1698 1825 1880 1880 omnia

166 1901 349 1955 divina
392 1900 735 1971 humanaque
782 1901 1182 1972 complectitur,
1229 1901 1276 1954 si
1321 1900 1403 1954 fas
1451 1903 1611 1971 putas
1651 1900 1879 1971 credere,

165 1975 280 2030 dies
319 1975 515 2047 aliquis
556 1976 838 2046 dissipabit
877 1980 931 2031 et
969 1976 1026 2030 in
1065 1975 1438 2031 confusionem
1469 1979 1704 2030 veterem
1734 1978 1880 2030 tene·

164 2051 395 2123 brasque
442 2051 818 2137 demerget2e
853 2055 878 2105 t
921 2069 1068 2106 nunc
1114 2050 1311 2121 aliquis
1362 2053 1416 2104 et
1453 2050 1694 2123 singulas
1735 2068 1878 2106 com-

164 2126 342 2197 ploret
387 2126 621 2196 animas,
668 2071 866 2180 Cartea
835 2126 1009 2198 aginis
1056 2144 1119 2181 ac
1155 2125 1485 2180 Numantiae
1525 2125 1878 2196 Corinthique

165 2202 398 2256 cinerem
437 2205 491 2256 et
529 2202 576 2255 si
609 2201 739 2272 quid
771 2202 917 2255 aliud
949 2201 1111 2255 altius
1143 2201 1338 2256 cecidit
1367 2201 1714 2271 lamentetur,
1752 2219 1878 2256 cum

166 2277 327 2330 etiam
351 2277 456 2331 hoc
487 2277 634 2346 quod
664 2294 776 2330 non
799 2277 963 2330 habet
987 2294 1095 2346 quo
1120 2275 1277 2330 cadat
1301 2276 1372 2329 sit
1395 2275 1766 2346 interiturum3
1791 2279 1880 2330 eat

165 2350 361 2421 aliquis
401 2354 455 2405 et
491 2351 604 2405 fata
642 2354 854 2405 tantum
894 2349 1184 2420 aliquando
1223 2350 1373 2404 nefas
1406 2369 1601 2404 ausura
1632 2350 1736 2404 sibi
1767 2368 1879 2404 non

164 2425 466 2496 pepercisse
505 2429 880 2496 conqueratur.
958 2424 1095 2497 [21.]
1174 2426 1294 2496 quis
1332 2429 1443 2479 tam
1483 2426 1743 2496 superbae
1783 2426 1878 2479 im·
1910 2436 1936 2477 3

315 2571 342 2617 1
375 2575 460 2618 nie
484 2573 586 2618 BG
617 2575 779 2618 nostra
802 2574 855 2619 F
880 2576 966 2618 nra
990 2574 1048 2618 H
1077 2572 1118 2618 si
1142 2576 1201 2618 ne
1232 2575 1294 2631 (2-
1317 2574 1534 2630 naturae)
1559 2573 1610 2618 D
1643 2572 1683 2617 si
1705 2572 1805 2618 uite
1829 2573 1881 2618 E

165 2646 223 2677 m.
247 2635 279 2677 2
309 2631 350 2676 si
373 2632 474 2677 uite
498 2635 655 2678 nostre
682 2634 723 2678 V
747 2635 1020 2679 sementiam
1050 2647 1262 2679 mancam
1287 2634 1354 2683 sic
1376 2634 1525 2691 explet
1550 2632 1707 2678 Gertz:
1738 2631 1878 2677 urbes

166 2704 223 2737 ac
253 2695 560 2739 monumenta
591 2706 702 2738 saxo
736 2694 937 2749 structa,
971 2693 1013 2738 si
1050 2693 1170 2738 vitae
1201 2692 1390 2738 nostrae
1423 2705 1665 2750 compares
1700 2692 1716 2752 ΙΙ
1749 2692 1780 2738 4
1809 2691 1878 2738 fe-

167 2754 332 2798 cerunt
356 2753 473 2799 ΒΗ
480 2754 524 2798 V
546 2758 599 2799 ut
629 2755 745 2800 coni.
780 2754 828 2800 G.
854 2754 912 2800 F.
936 2754 1006 2799 W.
1034 2754 1212 2800 Maller
1241 2752 1442 2799 fecerint
1466 2754 1506 2800 C
1532 2754 1548 2813 ΙΙ
1582 2753 1611 2798 9
1643 2751 1818 2798 desinit
1842 2753 1882 2799 0

167 2812 419 2859 desinetF
441 2813 459 2872 ΙΙ
490 2813 549 2858 15
580 2813 711 2859 aliud
744 2813 888 2859 altius
912 2814 953 2861 0
981 2813 1125 2859 altius
1160 2814 1270 2859 GH
1294 2813 1312 2874 ΙΙ
1342 2813 1402 2859 16
1433 2814 1575 2859 etiam
1608 2813 1697 2860 hoc
1722 2813 1761 2860 Ο
1788 2813 1878 2858 hoc

167 2873 311 2918 etiam
338 2873 389 2918 F
413 2873 430 2932 ΙΙ
461 2873 520 2919 18
551 2875 866 2931 conqueratur
890 2874 938 2923 »G
973 2887 1083 2932 quc
1078 2876 1199 2920 atur
1222 2874 1275 2920 F
