2034 3086
146 70 220 124 44
486 68 535 113 L.
562 66 799 112 ANNAEI
831 66 1106 113 SENECAE
1137 67 1296 114 DIAL.
1321 68 1433 115 LIB.
1458 68 1514 116 Π,

87 207 110 247 1
294 188 437 243 XIX.
475 188 606 245 Non
642 192 724 243 est
761 189 818 242 in
855 190 1028 243 rixam
1060 191 1619 262 conluctationemque
1642 191 1854 247 venien-

145 264 286 318 dum.
364 266 557 335 procul
595 264 868 318 auferendi
905 265 1066 335 pedes
1105 268 1230 319 sunt
1269 269 1322 319 et
1365 266 1621 337 quicquid
1657 267 1853 322 horum

144 340 210 394 ab
249 339 658 410 inprudentibus
697 339 790 392 fiet
829 338 970 411 (fieri
1002 343 1180 393 autem
1210 341 1317 394 nisi
1347 341 1413 394 ab
1446 341 1853 425 inprudentibus

142 433 254 467 11011
291 417 492 484 potest·
540 413 932 484 neglegendum
972 417 1025 467 et
1062 415 1293 469 honores
1333 415 1664 485 iniuriaeque
1701 417 1854 488 vulgi

143 490 201 542 in
253 490 561 559 promiscuo
615 488 902 543 habendae.
979 506 1079 542 nec
1132 489 1216 543 his
1264 489 1553 543 dolendum
1599 509 1698 544 nec
1743 492 1852 545 illis
1908 507 1926 539 5

82 581 108 620 2
143 564 507 635 gaudendum:
558 563 762 648 alioqui
814 564 986 617 multa
1033 564 1227 617 timore
1275 565 1721 618 contumeliarum
1761 569 1854 619 aut

141 638 319 692 taedio
378 637 678 692 necessaria
739 639 1048 692 omittemus
1109 639 1446 709 publicisque
1508 643 1562 693 et
1629 639 1852 709 privatis

143 712 362 781 officiis,
411 712 699 781 aliquando
751 713 912 766 etiam
960 713 1281 767 salutaribus
1335 732 1447 766 non
1498 732 1854 783 occurremuS,

142 787 270 840 dum
317 786 594 841 muliebris
640 805 740 842 nos
787 790 915 842 cura
954 788 1105 859 angit
1143 787 1349 858 aliquid
1388 791 1576 842 contra
1613 789 1852 842 animum

142 861 404 915 audiendi.
459 861 747 932 aliquando
780 863 941 916 etiam
973 863 1167 916 obirati
1197 864 1506 933 potentibus
1546 863 1852 935 detegemus
1887 884 1929 914 ιο

140 938 285 991 1111110
335 937 586 991 affectum
637 937 1016 1007 intemperanti
1060 938 1319 991 libertate.
1397 956 1509 991 non
1555 941 1636 992 est
1675 942 1851 993 autem

139 1013 358 1066 libertas
396 1013 535 1065 nihil
566 1013 702 1082 pati,
740 1013 1003 1082 fallimur3
1039 1013 1258 1067 libertas
1291 1016 1372 1067 est
1402 1013 1641 1066 animum
1674 1032 1852 1084 super-

139 1106 338 1156 ponere
378 1087 587 1140 iniuriis
627 1090 680 1140 et
718 1106 840 1140 eum
872 1088 1044 1147 facere
1084 1107 1163 1157 se,
1201 1107 1267 1141 ex
1299 1105 1405 1157 quo
1439 1089 1556 1142 solo
1589 1089 1692 1142 sibi
1727 1107 1852 1159 gau-

141 1162 313 1215 denda
364 1162 606 1231 veniant,
658 1163 922 1215 exteriora
975 1162 1222 1216 diducere
1277 1182 1308 1215 a
1354 1182 1432 1231 se,
1493 1181 1560 1216 ne
1614 1164 1854 1233 inquieta

142 1236 347 1308 agenda
386 1237 457 1291 sit
479 1237 592 1290 vita
631 1238 873 1290 omnium
904 1237 1067 1306 risus,
1107 1237 1347 1291 omnium
1379 1237 1593 1309 linguas
1624 1238 1850 1291 timenti.
1886 1255 1927 1287 15

142 1312 261 1381 quis
313 1312 457 1365 enim
496 1314 598 1378 est,
650 1312 743 1382 qui
781 1330 892 1365 11011
931 1313 1104 1382 possit
1143 1313 1524 1366 contumeliam
1571 1313 1767 1382 facere,
1806 1313 1852 1366 si

82 1402 106 1442 3
141 1386 426 1456 quisquam
451 1385 666 1456 potest?
718 1386 928 1441 diverso
954 1390 1132 1440 autem
1164 1387 1399 1440 remedio
1432 1390 1613 1441 utetur
1640 1387 1850 1457 sapiens

141 1461 522 1530 affectatorque
562 1462 865 1531 sapientiae.
943 1462 1250 1531 inperfectis
1297 1463 1440 1515 enim
1480 1465 1533 1515 et
1572 1461 1746 1515 adhuc
1783 1461 1850 1514 ad

138 1535 416 1604 publicum
468 1554 523 1590 se
574 1536 832 1589 iudicium
881 1536 1243 1607 derigentibus
1290 1537 1395 1590 hoc
1440 1535 1848 1606 proponendum

139 1612 220 1664 est
257 1610 398 1663 inter
443 1610 665 1664 iniurias
706 1610 851 1679 ipsos
904 1612 1361 1680 contumeliasque
1401 1610 1589 1664 debere
1627 1611 1849 1665 versari·
1881 1628 1923 1659 20

140 1685 321 1738 omnia
373 1685 577 1737 leviora
638 1685 880 1738 accident
940 1687 1358 1755 expectantibus
1451 1704 1558 1755 quo
1623 1686 1849 1755 quisque

138 1759 415 1813 honestior
455 1778 669 1830 genere,
707 1759 873 1829 fama,
911 1761 1237 1845 patrimonio
1277 1763 1381 1830 est,
1417 1759 1523 1814 hoc
1562 1779 1616 1814 se
1655 1760 1848 1814 fortius

140 1837 315 1905 gerat,
352 1853 559 1888 memor
596 1835 654 1887 in
683 1835 858 1903 prima
889 1835 1001 1889 acie
1031 1836 1170 1889 altos
1204 1835 1416 1889 ordines
1449 1838 1601 1890 stare.
1664 1837 1849 1888 contu·

139 1909 325 1963 melias
376 1912 429 1962 et
467 1910 629 1963 verba
678 1909 938 1979 probrosa
988 1913 1041 1963 et
1086 1911 1411 1981 ignominias
1458 1913 1513 1963 et
1549 1912 1726 1964 cetera
1764 1909 1849 1962 de-

137 1984 546 2038 honestamenta
583 1984 732 2037 velut
771 1985 1060 2038 clamorem
1098 1985 1338 2039 hostium
1378 1985 1514 2038 ferat
1552 1987 1606 2038 et
1638 1984 1849 2055 longin-
1881 1997 1922 2031 2⁵

140 2077 246 2128 qua
284 2059 393 2112 tela
431 2062 484 2112 et
523 2078 651 2113 saxa
690 2059 804 2113 sine
841 2060 1061 2113 vulnere
1108 2060 1251 2114 circa
1290 2060 1469 2131 galeas
1510 2059 1848 2129 crepitantia3

139 2133 360 2188 iniurias
398 2152 525 2187 vero
564 2137 626 2187 ut
649 2134 893 2204 vulnera,
931 2135 1036 2188 alia
1063 2135 1248 2204 armis,
1288 2135 1394 2188 alia
1424 2134 1629 2205 pectori
1669 2133 1849 2202 infixa,

137 2227 250 2262 non
287 2208 547 2278 deiectus,
584 2228 650 2262 ne
689 2212 869 2263 motus
910 2209 1125 2279 quidem
1158 2210 1327 2281 gradu
1360 2209 1631 2263 sustineat.
1687 2208 1847 2262 etiam

140 2283 185 2336 si
233 2284 490 2352 premeris
542 2287 596 2337 et
644 2284 838 2338 infesta
876 2285 931 2337 vi
981 2303 1194 2355 urgere,
1244 2284 1427 2338 cedere
1473 2287 1654 2336 tamen
1691 2287 1846 2353 turpe

139 2360 240 2412 est:
293 2358 633 2429 adsignatum
681 2378 713 2412 a
749 2361 940 2412 natura
988 2360 1170 2413 locum
1220 2362 1381 2412 tuere.
1461 2359 1671 2428 quaeris
1726 2359 1845 2427 quis
1878 2373 1923 2404 ³0

79 2447 107 2486 4
139 2433 228 2486 hic
266 2433 337 2486 sit
373 2432 562 2487 locus‘?
636 2434 753 2487 viri.
831 2434 1059 2503 sapienti
1105 2434 1251 2487 aliud
1303 2434 1562 2487 auxilium
1602 2436 1682 2487 est
1719 2433 1844 2485 huic

288 2654 317 2699 5
362 2655 697 2713 impromiscuo
737 2657 783 2701 A
835 2656 852 2715 ΙΙ
905 2655 964 2701 14
1011 2656 1232 2701 diducere
1281 2656 1418 2702 Gertz
1469 2655 1698 2700 deducere
1736 2655 1783 2699 A
1827 2655 1844 2714 Η

140 2714 198 2760 19
229 2714 383 2773 derig-
418 2716 555 2762 Gertz
586 2716 731 2774 dirig-
755 2717 800 2761 A
831 2715 848 2775 Η
885 2715 944 2761 22
976 2716 1182 2762 onestior
1205 2718 1251 2762 A
1280 2716 1298 2776 ΙΙ
1335 2715 1395 2760 29
1425 2728 1592 2773 urgere
1615 2715 1661 2760 A
1690 2715 1843 2770 forma

139 2789 170 2819 a
207 2730 401 2821 Seneegae
442 2790 532 2821 usu
573 2777 729 2822 aliena
767 2782 828 2831 et,
868 2778 987 2833 quod
1024 2778 1188 2832 sciam,
1227 2790 1320 2821 uno
1359 2781 1538 2821 tantum
1577 2775 1673 2820 loco
1708 2773 1843 2819 hodie

138 2840 339 2892 recepta,
376 2835 455 2881 sed
486 2850 541 2881 eac
571 2838 688 2881 coni.
744 2837 950 2881 Pontani
988 2838 1132 2895 (epist.
1159 2850 1209 2894 Ρ.
1239 2840 1338 2892 131,
1354 2839 1416 2882 26
1446 2836 1618 2892 Hense)
1656 2833 1839 2891 urgeris

139 2895 252 2953 voly
279 2909 382 2939 eum
413 2905 441 2939 ς
467 2894 486 2955 ΙΙ
516 2894 580 2941 30
611 2896 768 2952 queris
793 2896 839 2940 A
