2034 3086
87 853 131 885 10

88 1226 131 1260 15

588 32 670 78 DE
701 33 807 78 IRA
838 31 951 76 Lm.
973 30 1053 77 111.
1108 30 1235 77 CAP.
1263 35 1332 76 15.
1361 35 1416 74 16
1754 30 1860 85 125

160 157 383 229 imperia
414 156 749 212 carnificum:
786 153 1127 209 ostendemus
1158 153 1216 207 in
1247 152 1395 207 omni
1427 150 1682 205 servitute
1714 169 1861 221 aper-

158 239 271 287 tam
307 233 546 287 libertati
575 233 733 285 viam.
782 230 828 284 si
860 246 1018 301 aeger
1055 229 1266 282 animus
1305 231 1359 281 et
1398 244 1495 281 suo
1527 225 1661 280 vitio
1699 227 1863 280 miser

158 311 267 376 est,
314 307 443 362 huic
495 306 735 361 miserias
784 305 939 358 finire
989 321 1169 358 secum
1218 303 1357 356 licet.
1444 302 1619 356 dicam
1665 304 1720 356 et
1765 301 1862 370 illi,

160 383 254 453 qui
292 382 349 436 in
385 400 567 454 regem
605 380 797 435 incidit
834 378 1046 450 sagittis
1083 381 1303 449 pectora
1340 377 1636 431 amicorum
1682 379 1863 447 peten-

158 461 297 526 tem,
334 460 388 511 et
418 457 524 525 illi,
560 455 714 510 cuius
753 455 1003 508 dominus
1032 452 1326 507 liberorum
1357 452 1650 506 visceribus
1681 454 1861 521 patres

160 534 391 586 saturat:
439 531 588 601 ‘quid
634 530 827 601 gemis,
867 527 1121 582 demens?
1203 526 1334 598 quid
1380 530 1652 597 expectas,
1699 529 1761 579 ut
1810 529 1862 578 te

160 609 255 661 aut
284 606 456 661 hostis
495 606 691 675 aliquis
730 622 827 675 per
865 603 1089 658 exitium
1128 602 1303 675 gentis
1341 604 1467 655 tuae
1495 601 1733 656 vindicet
1770 603 1864 654 aut

159 700 255 736 rex
285 701 317 735 a
344 681 645 752 longinquo
677 683 870 750 potens
901 677 1151 732 advolet?
1189 694 1529 748 quocumque
1552 676 1863 747 respexeris,

160 756 236 810 ibi
266 757 533 810 malorum
571 756 696 809 finis
734 758 828 808 est.
883 752 1032 807 vides
1071 753 1226 806 illum
1265 751 1615 823 praecipitem
1646 751 1864 806 locum?

160 831 287 885 illac
327 830 397 884 ad
424 830 729 885 libertatem
769 827 1119 883 descenditur.
1182 827 1330 881 vides
1363 826 1499 880 illud
1529 844 1690 896 mare,
1729 826 1865 880 illud

161 906 384 975 flumen,
429 906 585 960 illum
631 903 893 976 puteum?
983 903 1202 958 libertas
1258 902 1374 956 illic
1422 902 1481 955 in
1533 901 1644 955 imo
1704 901 1863 955 sedet.

162 981 309 1035 vides
359 981 510 1036 illam
565 981 809 1035 arborem
862 979 1102 1048 brevem,
1163 977 1505 1046 retorridam,
1559 975 1865 1030 infelicem?

160 1056 358 1126 pendet
394 1056 518 1111 inde
554 1056 788 1110 libertas.
866 1053 1015 1108 vides
1054 1053 1301 1124 iugulum
1340 1055 1519 1122 tuum,
1558 1053 1748 1122 guttur
1783 1053 1867 1104 tu-

161 1150 280 1200 um,
330 1149 425 1186 cor
471 1129 664 1185 tuum?
750 1128 951 1201 effugia
1000 1127 1273 1183 servitutis
1324 1129 1463 1182 sunt.
1551 1125 1712 1180 nimis
1766 1125 1867 1179 tibi

161 1224 417 1277 operosos
463 1207 637 1260 exitus
684 1207 927 1259 monstro
974 1207 1028 1258 et
1073 1203 1305 1257 multum
1352 1202 1518 1256 animi
1557 1219 1620 1256 ac
1656 1200 1866 1255 roboris

160 1280 471 1353 exigentes?
531 1280 742 1351 quaeris
782 1278 929 1350 quod
967 1278 1038 1333 sit
1076 1279 1141 1332 ad
1180 1277 1485 1332 libertatem
1516 1276 1654 1330 iter?
1710 1294 1867 1346 quae-

160 1356 294 1411 libet
332 1357 388 1410 in
426 1373 650 1426 corpore
686 1358 783 1409 tuo
823 1353 1007 1408 venai’

310 1444 455 1501 XVI.
532 1443 706 1509 Quam
765 1444 856 1497 diu
915 1442 1131 1513 quidem
1180 1442 1320 1495 nihil
1367 1445 1481 1495 tam
1531 1440 1867 1495 intolerabile

162 1522 318 1577 nobis
367 1520 604 1589 videtur,
653 1523 716 1574 ut
760 1538 860 1573 nos
910 1518 1145 1588 expellat
1183 1536 1212 1571 e
1251 1517 1385 1586 vita,
1434 1516 1594 1586 iram,
1642 1516 1700 1570 in
1739 1533 1868 1586 quo-

164 1615 393 1667 cumque
424 1597 622 1651 erimus
661 1598 828 1663 statu,
868 1611 1249 1647 removeamus.
1316 1591 1620 1663 perniciosa
1650 1594 1732 1645 est
1764 1601 1869 1645 ser-

165 1672 456 1741 vientibus3
505 1670 680 1725 omnis
720 1670 863 1723 enim
904 1667 1204 1740 indignatio
1245 1667 1302 1720 in
1338 1669 1670 1721 tormentum
1711 1684 1868 1719 suum

164 1747 379 1817 proficit
414 1750 470 1802 et
499 1745 725 1816 imperia
756 1744 1005 1817 graviora
1043 1743 1206 1797 sentit
1237 1760 1344 1814 quo
1377 1741 1747 1797 contumacius
1778 1759 1870 1811 pa·

164 1822 298 1876 titur
364 1822 442 1877 sic
470 1822 692 1892 laqueos
724 1820 860 1889 fera,
898 1818 1026 1872 dum
1059 1818 1247 1888 iactat,
1284 1817 1595 1888 adstringit;
1635 1816 1713 1870 sic
1745 1834 1868 1870 aves

165 1897 396 1967 viscum,
446 1897 573 1950 dum
624 1894 954 1966 trepidantes
1005 1892 1306 1962 excutiunt,
1358 1892 1559 1963 plumis
1616 1891 1867 1946 omnibus

167 1971 414 2026 inlinunt.
468 1971 679 2026 nullum
711 1974 823 2024 tam
865 1971 1040 2023 artum
1082 1971 1164 2023 est
1194 1968 1405 2040 iugum,
1446 1966 1591 2037 quod
1628 1984 1741 2021 non
1772 1966 1870 2020 mi-

164 2065 266 2101 nus
313 2046 492 2101 laedat
539 2046 821 2101 ducentem
865 2061 1027 2115 quam
1075 2045 1486 2115 repugnantem:
1574 2059 1742 2095 unum
1790 2044 1871 2095 est

164 2122 524 2176 levamentum
556 2121 820 2175 malorum
855 2118 1179 2191 ingentium,
1219 2118 1332 2189 pati
1371 2121 1426 2171 et
1462 2115 1869 2172 necessitatibus

166 2197 278 2251 suis
324 2196 560 2267 obsequi.
638 2195 731 2251 sed
777 2213 899 2250 cum
939 2193 1088 2248 utilis
1128 2193 1199 2247 sit
1236 2192 1590 2248 servientibus
1636 2191 1870 2246 adfectu-

168 2290 257 2325 um
291 2290 509 2326 suorum
542 2275 597 2326 et
627 2270 787 2325 huius
818 2268 1104 2341 praecipue
1133 2267 1307 2323 rabidi
1338 2270 1499 2337 atque
1530 2266 1716 2321 effreni
1747 2284 1871 2321 con-

315 2448 346 2494 2
383 2449 529 2503 viam,
566 2448 657 2494 nisi
780 2460 831 2493 er
862 2446 1047 2492 animun
1077 2446 1162 2492 est.
1225 2444 1319 2491 Suo
1348 2444 1464 2491 vitio
1495 2442 1639 2490 miser
1668 2444 1760 2498 est,
1794 2442 1870 2488 cui

166 2508 381 2555 miserias
411 2509 546 2555 finire
575 2522 732 2555 secum
783 2508 887 2553 ’cet
936 2505 1137 2566 Madvig
1157 2506 1355 2552 mavit
1377 2510 1419 2551 et
1441 2505 1754 2563 inter-punxi&
1776 2517 1871 2549 non

166 2568 401 2616 camier
428 2569 531 2626 (cfr.
558 2568 728 2615 Mueck
749 2569 858 2614 ἀίω.
883 2567 1128 2625 Morbum.
1155 2569 1274 2612 1890
1295 2579 1345 2623 p.
1362 2566 1441 2622 24)
1467 2564 1486 2625 ΙΙ
1514 2562 1545 2610 4
1566 2563 1866 2622 pectorafico-

168 2643 270 2675 rum
295 2628 364 2675 A¹
394 2643 509 2676 corr.
542 2628 612 2675 A⁶
636 2629 657 2699 j}
696 2627 729 2673 8
765 2627 847 2686 qui
886 2628 1132 2712 exspectas
1168 2627 1272 2671 utte
1312 2627 1397 2670 aut
1434 2626 1482 2694 (a
1510 2638 1545 2670 ε.
1563 2638 1603 2670 υ.
1629 2623 1737 2669 add.
1760 2625 1866 2680 fort.

168 2689 256 2746 24¹)
286 2689 356 2735 A¹
385 2688 476 2735 vid.
501 2689 739 2744 habam&
768 2701 884 2734 corr.
911 2688 956 2733 A
1002 2688 1054 2732 v'n
1076 2699 1168 2732 rao.
1249 2685 1275 2731 7
1298 2684 1679 2746 prexitaingentis
1701 2689 1755 2730 ut
1776 2683 1867 2729 vid.

169 2749 253 2805 A',
283 2763 397 2795 corr.
422 2750 474 2794 in
503 2761 589 2808 per
619 2748 814 2794 exitium
847 2747 1001 2805 genti·
1033 2745 1103 2793 A·
1137 2745 1155 2806 ΙΙ
1259 2744 1518 2803 respexeris
1542 2743 1613 2791 A‘
1642 2745 1695 2790 in
1724 2757 1867 2802 mat-9.

230 2867 248 2913 l
332 2809 460 2915 '⁴431'
497 2809 515 2866 ΙΙ
555 2807 614 2854 12
644 2807 921 2854 retorridam
948 2806 1016 2853 Αι
1047 2807 1096 2853 et
1125 2804 1364 2851 horridam
1395 2819 1510 2851 corr.
1536 2804 1605 2850 A⁶
1641 2804 1659 2863 ΙΙ
1697 2802 1755 2849 19
1792 2817 1869 2848 ex-

1893 314 1920 354 4

1901 2201 1926 2241 2
