2034 3086
142 155 166 196 1

203 22 311 76 120
537 18 586 63 L.
612 1 848 64 ANNAEI
879 19 1152 66 SENEcAE
1183 20 1342 65 DIAL.
1359 9 1480 67 ‘Lm
1505 20 1561 65 v

350 139 440 194 XI
502 140 631 195 Non
687 141 902 212 expedit
963 142 1142 195 omnia
1201 143 1402 212 videre,
1465 143 1645 196 omnia
1702 145 1895 199 audire.

200 216 401 270 multae
437 233 537 269 nos
568 215 792 269 iniuriae
822 218 1118 286 transeant,
1154 236 1221 270 ex
1251 218 1446 287 quibus
1477 211 1759 287 plerasque
1789 238 1899 272 non

201 290 398 360 accipit
437 291 531 359 qui
568 291 749 345 nescit.
827 309 939 344 non
977 291 1057 343 vis
1097 309 1209 346 esse
1256 291 1579 347 iracundus?
1623 311 1690 346 ne
1735 292 1898 347 fueris

201 365 459 419 curiosus.
538 365 630 434 qui
668 365 894 435 inquirit
933 364 1063 449 quid
1101 365 1158 418 in
1197 385 1251 420 se
1291 366 1495 421 dictum
1534 367 1626 436 sit,
1667 368 1761 436 qui
1791 386 1899 421 ma·

199 440 378 524 lignos
418 457 710 510 sermoneS,
748 440 910 494 etiam
952 440 998 493 si
1029 443 1230 493 secreto
1262 440 1433 495 habiti
1465 445 1614 511 sunt,
1650 442 1810 511 eruit,
1843 460 1899 496 se

200 515 316 584 ipse
354 514 629 584 inquietat.
707 514 968 584 quaedam
1006 514 1372 584 interpretatio
1423 534 1486 570 eo
1532 484 1799 586 perducit,
1837 520 1899 570 ut

200 588 480 643 videantur
518 590 765 642 iniuriae·
803 589 985 658 itaque
1025 588 1130 641 alia
1168 588 1457 643 differenda
1490 594 1638 660 sunt,
1676 591 1782 645 alia
1813 591 1899 645 de-

200 663 441 734 ridenda,
480 665 586 717 alia
624 663 885 717 donanda.
963 663 1447 717 circumscribenda
1491 666 1676 720 multis
1723 666 1898 720 modis

200 739 279 793 ira
317 742 419 808 est3
458 739 713 808 pleraque
745 738 811 790 in
830 737 1012 791 lusum
1043 738 1331 808 iocumque
1361 741 1650 792 vertantur.
1713 739 1900 795 Socra-

198 817 290 868 ten
321 814 472 867 aiunt
503 812 733 882 colapho
758 830 1070 882 percussum
1093 812 1232 865 nihil
1255 813 1486 882 amplius
1511 813 1707 867 dixisse
1740 833 1898 883 quam

198 889 487 942 molestum
526 905 662 957 esse,
710 887 854 957 quod
891 887 1158 941 nescirent
1203 887 1469 956 homineS,
1517 888 1730 957 quando
1778 907 1898 943 cum

199 963 352 1034 galea
398 962 612 1032 prodire
659 962 922 1016 deberent.
984 980 1095 1015 non
1142 962 1593 1031 quemadmodum
1640 962 1782 1017 facta
1831 965 1900 1017 sit

198 1037 394 1090 iniuria
431 1037 614 1106 refert,
655 1037 747 1091 sed
779 1037 1230 1106 quemadmodum
1260 1037 1391 1098 lata:
1420 1055 1522 1091 nec
1550 1037 1705 1091 video
1739 1055 1900 1106 quare

199 1112 435 1166 difficilis
476 1113 546 1166 sit
584 1111 904 1181 moderatio,
943 1129 1066 1165 cum
1106 1112 1271 1166 sciam
1302 1115 1654 1183 tyrannorum
1687 1130 1900 1182 quoque

197 1187 406 1240 tumida
443 1190 496 1239 et
541 1186 759 1239 fortuna
808 1189 861 1239 et
908 1187 1127 1257 licentia
1172 1187 1387 1257 ingenia
1431 1187 1752 1241 familiarem
1799 1187 1902 1240 sibi

200 1261 476 1315 saevitiam
515 1261 843 1329 repressisse.
912 1259 1253 1313 Pisistratum
1289 1265 1454 1331 certe,
1491 1261 1902 1316 Atheniensium

197 1339 509 1405 tyrannum,
548 1334 837 1388 memoriae
871 1334 1141 1403 proditur,
1179 1353 1301 1388 cum
1333 1337 1504 1389 multa
1534 1337 1591 1390 in
1622 1337 1901 1391 crudelita-

198 1414 308 1464 tem
340 1410 454 1465 eius
486 1410 664 1463 ebrius
696 1409 924 1463 conviva
948 1409 1169 1462 dixisset
1190 1427 1290 1463 nec
1321 1410 1562 1464 deessent
1586 1413 1679 1480 qui
1702 1413 1902 1466 vellent

199 1504 387 1539 manus
427 1485 476 1538 ei
515 1484 877 1554 commodare,
926 1486 979 1536 et
1026 1484 1161 1537 alius
1208 1484 1335 1538 hinc
1381 1485 1517 1539 alius
1562 1486 1713 1540 illinc
1758 1487 1900 1540 faces

200 1560 509 1629 subderent,
556 1559 769 1630 placido
821 1555 1001 1612 animo
1056 1559 1244 1614 tulisse
1298 1562 1351 1612 et
1399 1559 1504 1613 hoc
1557 1559 1899 1614 inritantibus

200 1634 560 1703 respondisse,
595 1652 707 1687 non
745 1635 917 1705 magis
957 1634 1039 1686 illi
1071 1652 1126 1688 se
1158 1651 1463 1688 suscensere
1503 1652 1664 1704 quam
1701 1634 1747 1689 si
1779 1636 1899 1704 quis

202 1708 454 1778 obligatis
494 1708 664 1762 oculis
704 1709 761 1760 in
800 1727 855 1762 se
893 1709 1215 1762 incurrisset

349 1780 468 1834 XII.
528 1781 727 1852 Magna
771 1800 893 1851 pars
941 1783 1203 1850 querellas
1249 1802 1413 1836 manu
1456 1783 1585 1838 fecit
1634 1787 1727 1837 aut
1765 1785 1900 1838 falsa

202 1855 522 1927 suspicando
548 1859 641 1909 aut
662 1856 804 1909 levia
826 1856 1181 1927 adgravando.
1244 1875 1399 1926 saepe
1424 1858 1490 1910 ad
1512 1876 1611 1911 nos
1637 1859 1716 1911 ira
1738 1860 1898 1926 venit,

202 1931 413 2002 saepius
451 1949 551 1985 nos
591 1931 658 1984 ad
696 1931 859 1984 illam.
939 1949 1075 2000 quae
1113 1950 1407 2000 numquam
1448 1933 1759 1986 arcessenda
1797 1936 1898 1989 est:

202 2007 362 2060 etiam
417 2024 541 2060 cum
595 2006 804 2075 incidit,
858 2006 1121 2059 reiciatur.
1199 2025 1356 2060 nemo
1412 2006 1543 2060 dicit
1596 2007 1719 2060 sibi:
1771 1998 1899 2061 hoc

201 2084 422 2151 propter
453 2080 599 2150 quod
637 2081 837 2134 irascor
876 2083 968 2133 aut
1006 2080 1109 2134 feci
1144 2083 1237 2133 aut
1274 2081 1462 2135 fecisse
1500 2080 1701 2150 potui'·
1689 2123 1701 2150 ,
1739 2101 1897 2136 nemo

202 2155 439 2208 animum
485 2154 730 2209 facientis
739 2196 752 2222 ,
808 2154 899 2208 sed
945 2155 1123 2224 ipsum
1170 2158 1434 2209 aestumat
1478 2155 1702 2209 factum:
1749 2157 1899 2225 atqui

203 2229 294 2281 ille
333 2230 618 2283 intuendus
659 2231 762 2297 est,
799 2229 1030 2282 voluerit
1067 2249 1135 2282 an
1174 2230 1441 2299 inciderit,
1481 2234 1696 2284 coactus
1729 2231 1800 2284 sit
1831 2249 1900 2283 an

203 2302 475 2372 deceptus,
516 2304 700 2358 odium
733 2306 943 2357 secutus
984 2304 1054 2357 sit
1092 2323 1160 2357 an
1198 2306 1516 2373 praemium,
1556 2305 1658 2359 sibi
1696 2323 1899 2358 morem

202 2377 426 2447 gesserit
463 2397 532 2430 an
568 2396 789 2431 manum
828 2378 981 2431 alteri
1020 2377 1451 2432 commodaverit.
1516 2379 1719 2448 aliquid
1755 2382 1898 2432 aetas

202 2451 472 2520 peccantis
512 2452 661 2522 facit,
712 2451 916 2520 aliquid
965 2452 1202 2522 fortuna,
1251 2456 1312 2506 ut
1361 2453 1498 2507 ferre
1549 2471 1610 2507 ac
1655 2454 1769 2522 pati
1807 2454 1900 2506 aut

351 2595 382 2640 9
414 2595 636 2641 Socraten
659 2597 728 2643 Α1
760 2597 997 2643 Socratem
1020 2598 1090 2643 ΑΕ·
1112 2601 1128 2658 ΙΙ
1156 2598 1215 2643 12
1238 2597 1463 2644 deberent
1493 2600 1561 2657 (re
1590 2613 1626 2644 s.
1651 2600 1711 2657 v.)
1735 2599 1862 2644 Αι-Ξ
1884 2597 1900 2655 ΙῘ

203 2655 262 2700 18
306 2655 517 2701 duxisset
551 2657 677 2760 21⁶1}
719 2657 777 2702 21
818 2670 1086 2702 suscensere
1121 2657 1190 2703 A¹
1235 2658 1323 2718 suls
1322 2671 1509 2703 censere
1543 2659 1614 2704 Λᾶ
1655 2660 1755 2716 (aut
1790 2657 1897 2711 fort.

204 2729 333 2759 succ-
315 2717 350 2773 -)
381 2715 397 2775 ΙΙ
427 2714 487 2760 28
518 2727 674 2799 quere6
678 2730 731 2762 as
753 2717 824 2762 A⁶
851 2716 868 2776 ΙΙ
898 2716 958 2761 28
986 2718 1221 2762 aestumat
1243 2717 1325 2773 ΑΙ,
1349 2718 1428 2763 sed
1449 2732 1482 2761 u
1504 2718 1557 2763 in
1579 2718 1597 2762 i
1620 2731 1733 2763 corr.
1758 2716 1859 2761 rad.
1883 2715 1899 2774 Ιι

202 2773 581 2879 Bsstanpgemiium
605 2775 674 2819 A⁶
695 2776 976 2836 inpremium
1001 2776 1069 2821 A¹
1091 2776 1107 2836 ΙΙ
1129 2775 1189 2821 32
1213 2790 1268 2822 ac
1291 2777 1395 2834 pati
1418 2777 1531 2835 voly.
1556 2777 1665 2822 inde
1687 2791 1718 2821 α
1736 2752 1899 2832 Lipsio¹

205 2846 266 2876 au
318 2847 380 2890 pa
405 2849 421 2878 1

1933 832 1975 863 10

1933 1202 1975 1234 15

1932 1575 1976 1607 20

1933 1947 1974 1980 25

1933 2319 1976 2350 30
