2034 3086
495 24 577 70 DE
608 23 716 68 IRA
746 21 859 67 LIB.
882 21 961 67 111.
1016 20 1144 67 CAP.
1172 26 1242 67 24.
1268 25 1339 66 25.
1367 25 1422 65 26
1714 21 1819 76 135

115 152 262 218 cant,
300 148 452 202 cuius
490 165 600 201 non
638 164 788 199 error
823 146 1021 199 bonam
1061 162 1276 198 causam
1316 142 1514 196 habet?
1574 141 1821 211 respicia-

117 242 237 278 mus
277 223 526 292 quotiens
565 221 929 275 adulescentia
964 222 1151 273 nostra
1196 218 1254 272 in
1292 217 1475 271 officio
1515 235 1706 287 parum
1747 217 1823 269 di-

115 299 289 369 h‘gens
328 297 516 365 fuerit,
555 297 613 349 in
652 313 897 349 sermone
934 313 1125 364 parum
1165 293 1431 362 modesta,
1470 293 1527 344 in
1565 293 1692 346 vino
1733 310 1823 361 pa·

115 391 237 426 rum
274 375 593 441 temperans.
657 370 703 423 si
742 370 909 423 iratus
948 373 1056 438 est,
1094 367 1279 422 demus
1310 367 1394 420 illi
1425 366 1683 437 spatium,
1714 384 1822 436 quo

65 466 87 499 ο
117 447 379 517 dispicere
418 445 548 515 quid
586 444 775 498 fecerit
812 442 1007 513 possit.
1043 443 1159 512 ipse
1199 461 1254 496 se
1293 441 1595 513 castigabit
1680 440 1824 494 deni-

119 540 222 591 que
261 520 451 575 debeat
489 538 712 590 poenas:
754 537 866 572 non
904 521 986 571 est
1025 517 1171 586 quod
1208 535 1332 571 cum
1373 517 1468 570 illo
1508 516 1660 586 paria
1697 515 1825 569 faci-

118 614 285 649 amus
364 594 500 648 illud
545 612 658 647 non
702 593 882 646 veniet
920 593 979 645 in
1017 592 1262 661 dubium,
1302 592 1434 661 quin
1473 610 1528 645 se
1568 590 1827 644 exemerit
1857 603 1883 643 3

116 671 304 725 turbae
357 673 412 723 et
465 669 627 722 altius
679 668 889 721 steterit
928 666 1171 736 quisquis
1210 666 1455 736 despexit
1491 665 1824 719 lacessentis:

118 745 399 816 proprium
429 747 513 798 est
542 742 928 815 magnitudinis
953 760 1107 795 verae
1134 760 1245 794 non
1269 741 1465 795 sentire
1496 758 1823 824 percussum.

45 839 89 872 ιο
119 821 197 875 sic
236 820 468 874 inmanis
500 818 614 872 fera
654 818 721 871 ad
751 817 1008 871 latratum
1050 834 1242 871 canum
1281 817 1428 870 lenta
1458 815 1711 886 respexit,
1750 815 1827 869 sic

119 896 312 949 inritus
351 894 559 965 ingenti
598 893 822 977 scopulo
862 892 1058 946 fluctus
1105 891 1352 945 adsultat.
1421 890 1514 961 qui
1563 909 1677 944 non
1726 890 1827 943 ira-

120 971 310 1039 scitur,
342 970 693 1023 inconcussus
726 967 924 1021 iniuria
953 966 1207 1037 perstitit,
1237 966 1330 1036 qui
1361 966 1622 1035 irascitur,
1649 968 1826 1018 motus

119 1049 213 1098 est.
304 1047 360 1097 at
406 1044 521 1112 ille,
570 1061 729 1112 quem
778 1042 940 1096 modo
990 1042 1237 1095 altiorem
1289 1042 1436 1094 omni
1483 1008 1826 1094 incoinmodo
1859 1054 1887 1093 4

119 1120 300 1190 posui,
351 1121 499 1172 tenet
553 1118 819 1202 amplexu·
863 1117 1096 1186 quodam
1137 1133 1408 1170 summum
1446 1116 1679 1184 bonum,
1730 1132 1830 1168 nec

46 1212 90 1246 ιε
120 1194 327 1248 homini
372 1196 610 1260 tantum,
664 1192 757 1246 sed
804 1192 909 1261 ipsi
956 1192 1203 1245 fortunae
1242 1190 1551 1259 respondet:
1630 1189 1831 1242 omnia

119 1269 247 1323 licet
283 1268 473 1335 facias,
511 1268 690 1321 minor
721 1285 799 1336 es,
841 1284 1002 1336 quam
1043 1269 1106 1319 ut
1144 1265 1484 1320 serenitatem
1525 1282 1700 1318 meam
1740 1263 1830 1318 ob-

122 1343 296 1398 ducas.
353 1346 500 1397 vetat
529 1343 634 1397 hoc
665 1342 803 1396 ratio
812 1384 826 1410 ,
867 1341 955 1395 cui
987 1341 1156 1395 vitam
1194 1340 1483 1412 regendam
1524 1339 1655 1393 dedi.
1706 1338 1829 1409 plus

122 1418 256 1472 mihi
286 1418 532 1472 nocitura
563 1421 646 1472 est
685 1418 765 1470 ira
798 1434 959 1485 quam
999 1415 1223 1469 iniuria:
1256 1414 1444 1485 quidni
1476 1414 1636 1484 plus?
1683 1413 1828 1467 illius

122 1492 313 1547 modus
359 1496 535 1546 certus
582 1495 687 1561 est,
728 1492 833 1545 ista
880 1509 986 1561 quo
1034 1508 1204 1560 usque
1259 1508 1343 1543 me
1397 1490 1573 1543 latura
1620 1488 1689 1541 sit
1737 1488 1831 1541 du-

46 1585 92 1619 20
121 1567 268 1622 bium
309 1566 424 1621 est?

270 1640 676 1696 XXV1.‘N0n
722 1608 963 1711 possum'
1003 1639 1181 1724 inquis
1230 1638 1386 1724 pati3
1424 1657 1594 1724 grave
1634 1641 1716 1693 est
1755 1638 1833 1691 in·
1865 1653 1888 1693 1

123 1717 315 1772 iuriam
366 1715 661 1770 sustinere?
738 1716 1002 1769 mentiris:
1058 1715 1179 1784 quis
1227 1715 1369 1768 enim
1420 1714 1672 1767 iniuriam
1722 1731 1833 1767 non

123 1795 302 1863 potest
350 1792 510 1860 ferre,
561 1792 654 1861 qui
704 1794 883 1860 potest
932 1789 1104 1843 iram?
1188 1788 1337 1843 adice
1387 1806 1531 1843 nunc
1582 1787 1728 1858 quod
1778 1787 1832 1841 id

122 1867 262 1939 agis,
311 1870 373 1920 ut
421 1870 476 1921 et
525 1866 659 1919 iram
706 1866 844 1919 feras
892 1868 946 1918 et
991 1864 1256 1918 iniuriam.
1335 1882 1499 1934 quare
1539 1863 1645 1917 fers
1686 1863 1833 1934 aegri

51 1958 93 1994 ιι
123 1942 324 1996 rabiem
348 1945 402 1996 et
431 1941 729 2026 phrenetici
760 1940 942 2010 verba,
974 1957 1264 2010 puerorum
1297 1942 1574 2009 protervas
1607 1937 1833 1991 manus?

122 2035 315 2087 nempe
355 2017 482 2087 quia
520 2015 769 2069 videntur
806 2016 1009 2069 nescire
1050 2014 1179 2084 quid
1219 2014 1433 2068 faciant.
1505 2013 1636 2083 quid
1674 2013 1833 2067 inter·

124 2095 227 2161 est,
267 2109 374 2162 qno
413 2091 641 2161 quisque
681 2091 813 2143 vitio
846 2090 941 2143 fiat
972 2088 1300 2159 inprudens?
1361 2088 1705 2159 inprudentia
1736 2106 1834 2158 par

125 2168 182 2220 ιιι
221 2166 468 2220 omnibus
508 2165 867 2236 patrocinium
908 2168 1000 2218 est.
1080 2163 1237 2234 quid
1276 2163 1468 2235 ergo‘P'
1507 2163 1687 2233 inquis
1728 2161 1833 2216 Ἧι·
1863 2176 1890 2217 2

125 2259 268 2311 pune
307 2241 387 2294 illi
426 2239 590 2294 erit?'
651 2243 782 2324 puta
814 2239 949 2292 velle
980 2243 1055 2308 te,
1086 2242 1267 2292 tamen
1296 2257 1408 2292 non
1439 2238 1560 2308 erit3
1600 2237 1834 2291 maxima

50 2331 95 2365 ω
126 2319 207 2370 est
255 2315 397 2369 enim
444 2314 615 2368 factae
662 2314 887 2367 iniuriae
925 2331 1099 2383 poena
1137 2313 1347 2382 fecisse,
1397 2330 1496 2367 nec
1547 2312 1832 2382 quisquam

127 2390 343 2462 gravius
382 2389 630 2443 adficitur
669 2407 829 2459 quam
871 2388 963 2458 qui
1003 2388 1068 2441 ad
1109 2388 1435 2458 supplicium
1475 2386 1833 2457 paenitentiae

128 2464 368 2518 traditur.
458 2463 647 2517 deinde
701 2463 768 2517 ad
823 2462 1192 2517 condicionem
1246 2481 1424 2517 rerum
1478 2462 1832 2515 humanarum
1864 2474 1890 2515 3

127 2538 518 2609 respiciendum
550 2542 652 2607 est,
692 2541 753 2591 ut
784 2538 1023 2613 omnium
1056 2537 1411 2592 accidentium
1442 2537 1600 2606 aequi
1633 2535 1832 2590 iudices

280 2669 305 2716 7
330 2669 639 2716 emmeritA
661 2670 679 2729 11
700 2669 730 2715 9
754 2669 928 2715 sentire
953 2682 1222 2726 percussum
1239 2669 1342 2715 AL
1368 2671 1534 2725 <se>
1561 2682 1595 2712 s.
1613 2682 1658 2724 p.
1679 2667 1751 2713 vol
1785 2667 1834 2726 .11

132 2729 189 2775 14
218 2730 388 2790 pomis]
409 2732 453 2776 A
484 2732 618 2787 (eras.
642 2732 680 2787 t)
709 2731 726 2788 11
758 2729 816 2775 15
846 2729 976 2834 ipsi
970 2743 1083 2775 corr.
1109 2743 1165 2774 ex
1196 2729 1296 2799 ipse
1322 2730 1367 2774 A
1395 2729 1412 2788 11
1441 2727 1502 2773 29
1532 2730 1650 2785 puta
1674 2741 1731 2772 ue
1771 2728 1831 2773 et.

131 2791 339 2895 {emeda
363 2789 431 2836 A¹
461 2789 591 2845 fort„
622 2803 735 2836 corr.
763 2790 833 2835 A⁶
861 2788 976 2847 1190
1006 2788 1162 2834 saetae
1194 2788 1396 2835 iniuriae
1426 2789 1539 2847 voly.
1574 2787 1731 2833 factae
1764 2787 1833 2832 in-
