2028 3106
108 60 217 114 206
425 55 475 100 L.
500 54 737 99 ANNAEI
767 54 1039 101 SENECAE
1070 53 1229 102 DIAL.
1253 55 1366 100 LIB.
1390 55 1489 100 VII.

107 177 451 245 animumque
496 175 675 245 ipsum
722 194 916 247 genera
960 176 1253 246 voluptatis
1292 194 1458 246 prava
1496 176 1598 229 sibi
1636 177 1805 230 multa

107 267 389 321 suggerere
397 249 450 314 ⁴?‚q
512 250 570 302 in
628 250 816 320 primis
876 250 1217 304 insolentiam
1272 253 1326 304 et
1376 250 1598 302 nimiam
1652 251 1806 304 aesti-

108 325 398 378 mationem
461 324 544 377 sui
607 327 976 392 tumoremque
1029 324 1225 377 elatum
1283 342 1443 394 super
1497 326 1698 378 ceteros
1753 327 1807 377 et

107 417 343 452 amorem
381 416 560 452 rerum
599 417 816 453 suarum
855 414 1071 452 caecum
1103 400 1157 451 et
1187 398 1552 468 inprovidum,
1590 398 1805 451 delicias

106 473 322 527 fluentis
347 475 400 526 et
424 491 490 526 ex
511 473 747 527 minimis
780 490 842 526 ac
865 471 1159 541 puerilibus
1184 474 1357 526 causis
1382 473 1808 541 exsultationem,

106 548 214 600 iam
262 547 596 602 dicacitatem
643 565 705 602 ac
750 546 1054 616 superbiam
1094 547 1432 601 contumeliis
1472 547 1806 618 gaudentem,

108 621 365 676 desidiam
411 622 926 690 dissolutionemque
973 619 1150 691 segnis
1198 619 1385 688 animi,
1434 621 1806 675 indormientis

108 697 224 751 sibi.
299 697 432 751 haec
471 697 652 750 omnia
690 696 860 749 virtus
901 694 1121 748 discutit
1159 696 1213 747 et
1250 712 1431 747 aurem
1469 696 1718 764 pervellit
1756 699 1809 749 et

106 771 408 841 voluptates
448 771 713 839 aestimat,
753 772 1039 839 antequam
1078 767 1350 837 admittat,
1386 785 1486 822 nec
1524 787 1655 838 quas
1687 787 1808 838 pro-

106 846 276 915 bavit,
315 845 499 916 magni
536 844 722 914 pendit
745 847 839 898 aut
868 843 1054 913 utique
1086 843 1249 897 etiam
1281 841 1539 911 admittit,
1576 860 1675 896 nec
1705 861 1808 896 usu

107 938 289 974 earum
340 920 431 973 sed
475 919 831 989 temperantia
873 919 1016 972 laeta
1060 920 1153 972 est.
1230 917 1584 987 temperantia
1628 919 1807 970 autem

107 1012 230 1048 cum
269 993 623 1064 [voluptates]
662 994 893 1063 minuat,
942 993 1140 1047 summi
1176 991 1306 1046 boni
1344 992 1540 1045 iniuria
1578 993 1669 1045 est.
1747 993 1808 1044 tu

106 1068 440 1137 voluptatem
494 1068 886 1137 complecteris,
942 1085 1041 1138 ego
1089 1084 1376 1137 conpesco;
1425 1069 1486 1120 tu
1532 1066 1807 1136 voluptate

107 1141 324 1210 frueris,
362 1160 463 1212 ego
494 1145 641 1208 utor3
679 1145 741 1194 tu
772 1142 922 1194 illam
955 1159 1223 1193 summum
1254 1141 1456 1194 bonum
1487 1144 1667 1210 putas,
1707 1158 1807 1211 ego

105 1232 204 1268 nec
240 1215 467 1284 bonum3
505 1218 566 1267 tu
605 1215 786 1267 omnia
815 1214 1109 1282 voluptatis
1141 1231 1301 1267 causa
1329 1214 1486 1283 facis,
1524 1232 1624 1284 ego
1655 1214 1807 1267 nihil.

253 1316 344 1371 XI.
409 1316 543 1371 Cum
594 1317 712 1371 dico
754 1335 840 1371 me
876 1315 1016 1370 nihil
1046 1316 1340 1385 voluptatis
1380 1333 1560 1384 causa,
1608 1315 1671 1369 de
1711 1317 1806 1370 illo

104 1394 299 1463 loquor
338 1392 599 1463 sapiente,
638 1392 725 1446 cui
765 1391 866 1446 soli
905 1390 1244 1446 concedimus
1283 1390 1629 1459 voluptatem.
1697 1408 1810 1444 non

104 1486 239 1522 voco
301 1470 480 1521 autem
542 1467 858 1538 sapientem,
921 1485 1083 1536 supra
1144 1482 1314 1535 quem·
1365 1464 1651 1534 quicquam
1713 1468 1809 1535 est,

105 1543 304 1596 nedum
364 1543 636 1612 voluptas:
699 1543 849 1611 atqui
912 1542 978 1595 ab
1031 1540 1134 1594 hac
1187 1541 1478 1609 occupatus
1534 1539 1805 1608 quomodo

106 1617 318 1670 resistet
368 1617 543 1671 labori
596 1620 649 1670 et
692 1617 956 1686 periculO,
1010 1615 1235 1687 egestati
1285 1617 1338 1668 et
1391 1616 1474 1667 tot
1517 1613 1808 1667 humanam

103 1691 270 1743 vitam
310 1691 872 1760 circumstrepentibus
904 1690 1100 1744 minis?
1162 1688 1431 1760 quomodo
1464 1690 1808 1757 conspectum

105 1764 308 1833 mortis,
341 1765 610 1833 quomodo
639 1764 848 1818 dolores
880 1764 1028 1833 feret,
1061 1764 1332 1834 quomodo
1356 1763 1544 1818 mundi
1568 1762 1806 1834 fragores

255 1968 282 2014 1
325 1981 593 2027 perversum
634 1969 734 2014 sim.
772 1973 881 2025 post
919 1968 1075 2026 ipsum
1118 1968 1348 2014 desiderat
1395 1968 1531 2014 Gertz
1580 1969 1585 2001 ¹
1634 1982 1807 2027 pravae

108 2029 342 2076 Rossbach
390 2028 395 2088 Ι
446 2027 538 2072 sibi
573 2029 734 2073 Haase
777 2027 858 2072 sed
890 2029 937 2073 A
977 2041 1006 2071 a
1041 2041 1090 2072 se
1125 2028 1261 2072 Gertz
1299 2027 1316 2087 Η
1362 2027 1392 2072 4
1433 2029 1571 2074 verba
1612 2028 1807 2074 delicias

107 2089 295 2135 fluentis
330 2089 638 2134 Reitzenstein
680 2087 742 2132 ad
783 2101 823 2132 v.
860 2090 890 2131 6
933 2092 1039 2144 post
1079 2087 1366 2145 gaudentem
1406 2101 1502 2132 non
1542 2089 1641 2133 sine
1682 2090 1808 2133 iusta

105 2163 259 2195 causa.
280 2149 460 2194 videtum·
490 2148 735 2205 deleqasse,
766 2147 837 2191 ita
866 2152 919 2191 ut
948 2145 1137 2192 fluentis
1166 2151 1306 2205 yenet.
1331 2160 1466 2193 casus
1487 2148 1551 2192 sit
1570 2146 1587 2207 ΙΙ
1612 2148 1636 2192 7
1661 2147 1808 2190 animi

103 2207 430 2269 sssdormientis
468 2206 539 2253 A¹
583 2220 700 2264 quae
744 2206 866 2251 inter
909 2207 1020 2252 haec
1065 2207 1157 2252 duo
1201 2207 1338 2252 verba
1381 2207 1572 2262 fuerant
1617 2207 1807 2259 litterae,

104 2281 266 2313 erasae
295 2272 424 2323 swnt,
454 2272 509 2313 ut
536 2266 655 2312 nihil
685 2266 819 2311 aliud
847 2280 974 2312 nwnc
1003 2271 1229 2324 appareat
1249 2267 1344 2311 nisi
1364 2271 1467 2322 post
1496 2264 1643 2309 animi
1673 2264 1759 2308 litt.
1785 2277 1806 2307 s

101 2330 275 2385 pwncto
304 2331 511 2372 notatam
540 2327 709 2382 faisse;
744 2325 798 2370 im
821 2340 977 2384 ‘mara
1008 2341 1067 2371 m.
1098 2327 1319 2371 recentior
1359 2322 1686 2368 indormientis
1724 2322 1806 2367 ad-

105 2386 292 2441 scripsit
312 2384 329 2443 ΙΙ
357 2384 388 2429 9
411 2399 528 2442 quas
553 2396 582 2430 ς
612 2384 748 2442 quasi
763 2385 811 2430 A
833 2384 850 2453 [Ι
879 2384 939 2429 10
960 2385 1129 2442 pendit
1152 2386 1236 2429 aut
1257 2383 1422 2438 utique
1446 2382 1591 2427 etiam
1609 2382 1808 2440 Madvig

106 2444 276 2502 pendit
303 2443 430 2501 utiq3
470 2445 596 2490 enim
627 2445 689 2489 ad
719 2444 870 2489 mittlt
899 2445 947 2488 A
984 2444 1152 2501 pendit
1180 2444 1374 2499 totoque
1406 2441 1562 2486 animo
1595 2441 1808 2486 admittit

112 2504 247 2550 Gertz
276 2503 463 2561 pendit3
494 2504 660 2561 utique
684 2504 810 2549 enim
834 2504 948 2559 <ut
971 2505 1340 2560 supervacuas>
1366 2500 1580 2546 admittit
1595 2502 1805 2547 Reitzen-

104 2565 225 2610 stein
238 2563 255 2625 ΙΙ
270 2562 328 2607 12
342 2562 610 2620 voluptates
624 2565 759 2610 wncis
773 2563 963 2609 inclusit
977 2563 1283 2609 Reitzenstein
1297 2561 1370 2605 tui
1386 2565 1494 2618 post
1508 2561 1679 2606 summi
1693 2560 1807 2606 boni

108 2624 223 2669 addi
251 2623 420 2669 maluit
451 2622 588 2669 Gertz
617 2623 634 2684 ΙΙ
670 2623 732 2669 14
759 2625 868 2668 utor
897 2623 950 2666 in
978 2636 1069 2667 ras.
1095 2622 1166 2669 A‘
1193 2622 1210 2682 ΙΙ
1242 2620 1302 2666 16
1331 2619 1509 2677 facere,
1540 2621 1662 2678 quod
1689 2621 1805 2680 volq.

107 2683 291 2730 addumt
311 2687 421 2740 post
450 2694 615 2738 causa,
646 2698 742 2729 non
771 2687 836 2729 est
863 2683 917 2726 in
946 2681 994 2727 A
1030 2681 1047 2742 ΙΙ
1083 2682 1141 2728 17
1174 2679 1471 2727 concedimus
1501 2681 1603 2727 Joh.
1630 2681 1808 2726 Mffl'er

109 2742 331 2788 concedis
351 2743 395 2786 A
424 2739 441 2811 [Ι
470 2740 529 2786 18
560 2743 632 2787 est
661 2744 714 2789 in
742 2743 834 2799 fine
863 2754 1020 2786 versus
1050 2742 1158 2787 add.
1182 2739 1263 2797 A2,
1290 2741 1426 2787 initio
1452 2754 1563 2787 vers.
1587 2754 1674 2798 seq.
1699 2745 1807 2786 ante

108 2815 168 2846 ne
199 2802 312 2848 dum
341 2805 563 2858 emptum
592 2807 691 2849 erat
720 2802 759 2847 a
781 2801 972 2859 punctis
996 2806 1222 2857 notatum,
1246 2800 1367 2858 quod
1386 2805 1544 2858 postea
1565 2813 1679 2846 eras.
1704 2805 1769 2845 est
1789 2798 1807 2857 ΙΙ

110 2860 169 2905 19
197 2861 290 2906 hac
311 2860 381 2906 A⁶
410 2863 456 2919 (c
485 2861 537 2906 in
567 2875 658 2908 ras.
683 2865 715 2907 2
744 2862 849 2918 litt.)
879 2859 897 2920 ΙΙ
925 2859 985 2904 22
1017 2860 1200 2906 dolores
1223 2871 1252 2906 s·
1283 2859 1457 2906 doloris
1481 2862 1526 2905 A

1839 863 1882 896 10

1840 1232 1882 1266 15

1839 1631 1883 1665 20
