2034 3086
230 58 338 104 XVI
900 59 1246 106 PRAEFATIO

230 177 314 222 Th.
339 178 568 223 Matthias
591 177 951 224 Emendationes
984 180 1047 224 ad
1073 181 1130 226 L.
1148 180 1208 226 A.
1226 179 1420 226 Senecae
1451 194 1588 238 opera
1617 181 1668 226 in
1695 183 1926 230 Commen-

349 251 428 291 tat.
470 245 633 302 philol.
682 244 848 300 quibus
898 246 947 291 O.
985 247 1231 293 Ribbeckio
1276 249 1656 306 conqratulantur
1707 251 1928 309 discipuli

347 313 478 369 Lips.
540 310 730 367 Lipsiae
755 314 871 356 1888
901 325 948 368 p.
967 317 1128 370 1738q.

228 378 268 423 J.
285 378 342 423 N.
367 377 562 436 Madvig
591 378 879 424 Adversaria
910 380 1070 425 critica
1100 380 1318 426 Hauniae
1343 385 1627 427 1871-84.·

227 444 284 489 H.
315 444 486 490 Mueck
528 445 870 491 Observationes
910 447 1010 491 crit.
1054 453 1098 492 et
1136 463 1279 506 yram.
1323 450 1378 494 in
1419 448 1522 495 Sen.
1568 450 1740 506 καίρια
1772 452 1922 508 philo-

345 513 534 568 sophica
562 511 806 570 Marburgi
832 516 961 557 1890.

228 578 273 623 C.
291 578 342 623 F.
366 578 442 624 W.
465 577 637 623 Mffller
678 580 804 624 Krit.
836 581 1182 639 Bemerkwnqen
1219 596 1278 627 zu
1318 583 1397 628 lat.
1430 583 1709 638 Prosaikern
1747 584 1924 630 Lando—

345 644 463 703 berg
493 658 534 689 a.
553 645 597 689 d.
615 645 689 691 W.
717 650 846 704 1865.

286 739 342 744 —
404 713 479 757 Za
502 713 660 757 beiden
682 713 852 759 Seneca
873 714 973 759 wnd
996 714 1199 760 anderen
1221 717 1298 761 lat.
1317 717 1598 762 Prosaikern
1620 717 1671 762 in
1697 718 1923 764 Fleckeis.

344 779 503 824 annal.
531 783 646 824 1866
677 794 723 837 p.
741 784 828 825 483
839 795 907 838 sq.

224 845 280 890 H.
298 845 340 890 J.
364 845 536 891 Miiller
558 845 797 905 Symbolae
819 849 884 893 ad
913 849 1219 894 emendandos
1240 852 1479 908 scriptores
1508 852 1708 897 Latinos
1733 853 1855 908 part.
1879 851 1923 896 11

344 914 395 958 in
435 914 708 970 Festschrift
751 915 828 961 des
873 916 1057 961 Friedr.
1086 916 1236 962 Werd.
1281 917 1446 976 Gymn.
1494 932 1552 964 za
1596 919 1764 964 Berlin
1805 923 1917 965 1881

342 995 388 1038 p.
406 985 464 1025 46
477 994 546 1038 sq.

223 1047 264 1092 J.
289 1047 460 1093 Miiller
505 1048 631 1093 Krit.
661 1047 854 1094 Studien
898 1063 957 1095 zu
994 1050 1084 1096 den
1133 1051 1312 1096 kleinen
1349 1050 1579 1107 Schfn'tten
1626 1053 1704 1099 des
1748 1055 1919 1100 Philos.

343 1115 512 1160 Seneca
542 1114 593 1158 in
623 1115 734 1160 Sitz.
759 1116 867 1161 Ber.
893 1117 937 1162 d.
962 1118 1114 1163 Akad.
1140 1119 1194 1163 in
1218 1119 1352 1164 Wien
1382 1116 1567 1163 CXVIII
1591 1121 1743 1178 (1889)
1766 1119 1801 1166 Ι.

284 1210 341 1214 -
404 1183 530 1227 Krit.
556 1181 752 1227 Studien
782 1197 840 1228 zu
863 1184 1035 1230 Seneca
1066 1185 1121 1230 de
1151 1186 1247 1230 ben.
1272 1199 1317 1230 a.
1344 1185 1399 1230 de
1429 1186 1551 1231 clem.
1575 1185 1689 1231 ibid.
1715 1186 1921 1232 CXXVII

344 1252 496 1307 (1892)
527 1248 606 1293 111.

284 1343 340 1349 —
403 1318 529 1362 Krit.
563 1316 756 1362 Studien
797 1330 856 1361 zu
895 1318 983 1363 den
1023 1324 1119 1364 nat.
1164 1325 1335 1376 quaest.
1379 1319 1571 1365 Senecas
1610 1319 1725 1366 ibid.
1759 1321 1921 1367 CXXX

342 1384 496 1441 (1894)
528 1382 606 1427 ῙΙῙ.

283 1477 339 1482 ——
407 1451 530 1496 Km't.
577 1450 770 1495 Studien
815 1464 874 1496 zu
918 1452 1008 1497 den
1054 1453 1249 1509 Briefen
1291 1452 1483 1499 Senecas
1531 1452 1647 1500 ibid.
1694 1454 1920 1501 CXXXVI

341 1518 494 1575 (1897)
525 1516 605 1561 111.

283 1611 338 1617 —
401 1584 509 1630 vide
540 1586 590 1630 et
619 1585 836 1630 Zeitschr.
868 1587 903 1642 f.
938 1601 998 1632 oe.
1037 1586 1203 1646 Gymn.
1230 1591 1287 1632 38
1317 1602 1363 1645 p.
1382 1591 1547 1645 852sq.

221 1650 278 1696 H.
302 1651 572 1709 Nettleship
602 1650 654 1696 in
683 1666 852 1706 recens.
883 1653 995 1699 edit.
1021 1653 1299 1699 Gertzianae
1330 1654 1381 1698 in
1416 1656 1510 1700 The
1538 1655 1773 1714 Academy
1803 1660 1916 1702 1887

339 1733 385 1776 p.
405 1723 506 1764 328.

220 1783 276 1831 K.
300 1785 552 1843 Niemeyer
582 1787 656 1830 Zn
686 1786 856 1832 Seneca
886 1787 936 1832 in
967 1789 1133 1834 Philol.
1160 1792 1216 1833 58
1248 1803 1294 1846 p.
1312 1792 1398 1832 437
1411 1802 1479 1846 sq.

220 1851 271 1896 F.
295 1851 448 1910 Pauly
478 1853 604 1898 Krit.
631 1853 872 1899 Miscellen
909 1855 959 1899 in
990 1856 1206 1900 Zeitschr.
1229 1857 1264 1911 f.
1289 1869 1352 1901 oe.
1381 1856 1546 1916 Gymn.
1570 1855 1743 1902 XXVII
1766 1859 1919 1916 (1876)

339 1934 385 1976 p.
404 1924 504 1964 253.
537 1924 638 1965 811.

220 1985 282 2030 M.
306 1985 590 2045 Petschenig
620 1988 694 2031 Za
725 1986 894 2033 Seneca
925 1988 976 2032 in
1007 1990 1173 2035 Philol.
1200 1995 1258 2035 46
1291 1991 1443 2048 (1887)
1482 2006 1528 2048 p.
1547 1995 1647 2036 370.
1681 1995 1782 2036 383.
1815 1994 1916 2036 420.

339 2057 979 2101 490.587.649.665.704.

281 2146 336 2153 -
399 2121 474 2166 Za
502 2120 673 2167 Seneca
702 2121 754 2165 in
784 2123 951 2168 Philol.
976 2127 1035 2169 48
1066 2125 1220 2182 (1889)
1250 2138 1296 2180 p.
1315 2127 1416 2168 680.

281 2214 338 2220 -
399 2189 474 2233 Za
503 2188 698 2234 Senecas
726 2189 902 2248 dialoqi
930 2190 980 2235 in
1010 2192 1180 2236 Philol.
1199 2195 1257 2236 50
1289 2193 1442 2249 (1891)
1474 2207 1519 2249 p.
1539 2195 1639 2236 183.

220 2254 276 2299 R.
299 2254 502 2313 Pfennig
531 2256 607 2301 De
638 2256 880 2312 librorum,
923 2271 1032 2314 quos
1072 2259 1258 2315 scripsit
1295 2258 1464 2304 Seneca
1506 2259 1561 2304 de
1598 2260 1695 2314 ira,
1740 2272 1915 2316 compo-

338 2322 503 2368 sitione
532 2328 574 2368 et
603 2323 779 2381 origine
810 2322 1049 2381 Gryphiae
1075 2328 1204 2369 1887.

219 2388 270 2432 F.
301 2388 432 2434 Rech
479 2389 822 2436 Observationes
861 2393 1199 2449 yrammaticae.
1271 2392 1347 2437 De
1387 2393 1451 2437 In
1485 2405 1696 2449 praepos.
1740 2407 1776 2437 c.
1819 2405 1911 2437 acc.

338 2457 524 2501 iwnctae
553 2470 629 2514 ap.
661 2456 876 2502 Senecam
905 2472 995 2503 usu
1024 2457 1245 2516 Friburgi
1267 2458 1342 2503 Br.
1371 2462 1500 2504 1895.

220 2521 262 2566 J.
286 2522 417 2568 Reeh
445 2523 554 2568 vide
585 2523 713 2569 Berl.
730 2525 894 2580 philol.
921 2526 1231 2571 Wochenschr.
1259 2530 1372 2571 1881
1405 2541 1450 2583 p.
1469 2530 1568 2571 356.

221 2588 275 2635 G.
313 2589 550 2635 Reinecke
601 2591 676 2635 De
720 2592 1093 2638 coniunctionum
1143 2606 1234 2638 asu
1293 2594 1422 2650 apud
1482 2593 1696 2638 Senecam
1745 2591 1911 2648 philos.

339 2656 615 2702 Monasterii
640 2660 767 2702 1890.

219 2730 274 2776 R.
313 2730 632 2776 Reitzenstein
685 2732 758 2776 Za
804 2732 973 2778 Seneca
1026 2735 1082 2779 de
1133 2735 1231 2780 vita
1288 2735 1420 2779 beata
1463 2734 1514 2778 in
1560 2734 1717 2778 Herm.
1765 2731 1911 2777 XXIX

338 2813 383 2855 p.
403 2803 488 2843 619
498 2813 567 2855 sq.

220 2871 278 2919 H.
302 2872 474 2930 Rieger
508 2873 847 2919 Observationes
878 2875 1165 2921 Annaewnae
1195 2874 1414 2933 Friburgi
1436 2875 1511 2920 Br.
1540 2877 1667 2919 1889.
