2034 3086
826 38 1171 85 PRAEFATIO
1763 36 1848 83 vn

145 169 488 231 Ambrosiani,
527 183 657 232 quae
696 166 924 233 dialogos
964 166 1176 216 Senecae
1215 165 1579 229 complectitur.
1654 167 1709 215 in
1747 181 1849 230 qua

145 260 260 295 cum
313 244 483 293 omnia
534 242 735 307 quidem
786 241 959 291 eadem
1007 257 1161 290 manu
1211 241 1422 304 scripta,
1473 241 1560 290 sed
1603 240 1768 290 multa
1818 255 1852 289 a.

146 318 352 369 diversis
405 334 496 368 nec
549 317 771 366 eiusdem
824 315 1007 367 aetatis
1062 314 1419 366 correctoribus
1471 317 1672 365 mutata
1731 315 1848 377 sint,

146 409 341 444 summa
390 409 510 443 cura
556 391 844 441 adhibenda
893 394 991 455 est,
1035 394 1096 441 ut
1139 390 1262 455 quid
1308 391 1488 454 cuique
1526 389 1846 439 tribuendum

145 468 214 519 sit
250 485 403 533 quam
441 467 812 518 accuratissime
850 466 960 516 fieri
990 467 1153 530 possit
1182 465 1424 515 dinoscas.
1494 480 1597 528 qua
1626 464 1848 515 muneris

145 544 224 594 sui
272 547 415 608 parte
465 559 579 592 cum
628 541 751 591 Itali
789 541 1053 591 collatores
1102 541 1324 590 Fickerti
1372 555 1472 588 non
1522 539 1647 589 bene
1685 539 1850 589 functi

145 622 325 681 essent,
363 617 539 667 melius
577 617 720 666 Koch
756 633 861 666 rem
901 632 1020 666 sane
1061 616 1411 666 difficillimam
1448 630 1714 681 aggressus
1750 616 1850 679 est3

145 693 231 743 sed
283 710 345 743 ne
397 693 440 742 is
504 692 706 756 quidem
762 707 843 754 ea,
906 707 1008 755 qua
1068 690 1303 754 debebat,
1365 706 1484 740 cura
1538 690 1851 740 diversarum

143 783 384 818 manuum
418 770 588 831 partes
619 766 862 817 distinxit.
922 765 1082 815 multo
1118 768 1250 815 certe
1283 764 1565 815 accuratius
1597 763 1851 814 Gertzium

145 843 207 893 de
261 843 472 909 singulis
525 842 780 905 manibuS,
835 857 1036 906 quoque
1092 841 1239 890 modo
1289 841 1422 890 inter
1475 856 1527 891 se
1581 839 1850 901 differrent,

143 918 390 968 iudicasse
421 920 646 982 apparet.
694 917 846 966 liceat
873 916 1032 982 igitur
1062 915 1361 982 gravissima
1393 931 1624 981 quaeque
1654 931 1714 965 ex
1744 914 1849 964 eius

145 992 483 1058 disputatione
521 993 603 1042 hic
638 994 876 1056 repetere.

292 1068 368 1117 Ac
420 1068 613 1132 primus
668 1066 871 1130 quidem
923 1064 1157 1114 librarius
1212 1058 1286 1132 (A
1341 1066 1431 1114 aut
1479 1058 1599 1130 ΑΙ),
1661 1064 1851 1114 latinae

144 1143 349 1208 linguae
394 1158 495 1192 non
541 1141 810 1191 admodum
855 1140 1068 1205 perituS‚
1118 1155 1178 1190 ea
1216 1155 1344 1204 quae
1382 1139 1436 1187 in
1476 1137 1643 1188 codice
1683 1139 1850 1189 arche·

144 1221 267 1282 typo
321 1219 582 1267 invenerat
634 1233 831 1266 summa
884 1232 996 1265 oum
1050 1214 1171 1278 fide,
1217 1214 1303 1265 sed
1349 1231 1449 1264 non
1497 1213 1698 1278 aequali
1738 1230 1852 1263 cum

145 1308 265 1342 cura
317 1292 603 1356 descripsit3
664 1306 782 1340 nam
835 1291 951 1339 inde
1005 1306 1037 1339 a
1090 1290 1433 1340 consolatione
1487 1288 1552 1338 ad
1609 1289 1852 1350 Marciam

143 1368 305 1417 multo
350 1365 696 1433 neglegentius
743 1381 897 1429 quam
943 1367 1094 1414 antea
1132 1381 1335 1415 munere
1378 1380 1471 1415 suo
1518 1365 1720 1414 functus
1759 1365 1850 1413 est.

144 1443 255 1506 pari
303 1440 667 1506 inaequalitate
717 1442 919 1491 litterae
968 1439 1116 1490 modo
1168 1439 1459 1506 diligentius
1513 1439 1679 1504 pictae
1732 1440 1852 1489 sunt

142 1515 291 1566 modo
322 1516 691 1582 properantius,
728 1515 877 1566 modo
910 1516 1124 1581 grandes
1157 1530 1450 1578 crassaeque
1482 1515 1631 1563 modo
1663 1528 1851 1579 parv-ae

143 1594 439 1655 tenuesque,
486 1591 636 1641 modo
687 1594 943 1641 coartatae
996 1589 1145 1640 modo
1196 1590 1349 1640 latius
1397 1588 1653 1652 diductae3
1699 1587 1852 1639 verba

145 1666 268 1716 alibi
303 1668 450 1731 plene
488 1668 678 1731 scripta
716 1669 838 1716 sunt
876 1666 998 1715 alibi
1036 1664 1209 1715 mulfis
1250 1664 1578 1729 compendiis,
1617 1666 1699 1727 ut,
1737 1680 1851 1714 cum

143 1742 197 1791 in
240 1758 544 1806 unaquaque
590 1741 778 1807 pagina
826 1743 894 1791 37
937 1741 1039 1790 fere
1089 1755 1262 1790 versus
1302 1742 1427 1802 sint,
1476 1739 1531 1789 hi
1567 1741 1738 1789 tamen
1781 1741 1848 1789 37

144 1832 318 1867 versus
356 1816 475 1866 alibi
517 1819 584 1867 72
626 1816 748 1866 alibi
788 1818 858 1866 45
900 1815 1124 1866 versibus
1173 1813 1449 1865 Gertzianis
1500 1813 1850 1877 respondeant.

144 1892 196 1941 in
234 1893 526 1941 universum
565 1892 790 1957 singulas
828 1891 1042 1956 paginas
1081 1889 1213 1939 idem
1251 1890 1354 1940 fere
1394 1889 1670 1950 continere,
1717 1889 1851 1953 quod

144 1966 298 2017 codex
336 1967 638 2031 archetypus
677 1968 732 2016 in
770 1966 985 2031 singulis
1024 1965 1160 2015 foliis
1198 1964 1477 2026 habuisset,
1519 1962 1667 2014 Gertz
1705 1978 1849 2031 saga-

144 2040 269 2091 citer
306 2043 588 2107 suspicatus
629 2044 718 2091 est
787 2041 970 2104 multa,
1010 2056 1140 2106 quae
1178 2055 1330 2104 prave
1369 2040 1661 2103 scripserat,
1699 2038 1849 2088 libra-

144 2115 247 2165 rius
300 2117 409 2180 ipse
462 2118 535 2167 ita
588 2117 823 2178 correxit,
873 2118 932 2166 ut
982 2131 1096 2166 raro
1147 2129 1376 2164 rasuram
1428 2113 1709 2176 adhiberet,
1763 2113 1850 2163 sed

145 2189 342 2255 punctis
390 2191 685 2255 plerumque
732 2153 919 2240 additis
966 2192 1057 2239 aut
1106 2189 1303 2239 lineolis
1342 2188 1638 2239 transversis
1678 2203 1848 2253 super·

146 2280 307 2315 vacua
337 2263 547 2328 deleret,
586 2265 771 2315 omissa
801 2280 955 2329 supra
986 2279 1182 2315 versum
1208 2264 1426 2314 adderet.
1479 2263 1701 2312 dubitari
1732 2276 1849 2312 vero

146 2340 343 2405 nequit,
382 2340 503 2404 quin
542 2339 755 2390 fideliter
791 2340 1155 2404 praescriptum
1194 2338 1469 2389 reddiderit
1506 2354 1668 2403 neque
1708 2336 1848 2401 quid-

147 2430 300 2478 quam
347 2417 436 2464 aut
471 2413 742 2465 admodum
781 2430 966 2479 pauca,
1012 2417 1063 2463 et
1109 2430 1237 2479 quae
1284 2413 1428 2462 facile
1470 2414 1850 2479 cognoscantur,

145 2488 207 2547 de
268 2504 358 2539 suo
420 2487 668 2538 addiderit
742 2483 853 2558 (cfr.
889 2490 1098 2554 p2250,
1135 2491 1226 2552 193
1283 2489 1405 2550 264,
1443 2491 1532 2549 113
1597 2486 1849 2550 265,19;

295 2638 371 2687 Ea
429 2653 556 2703 quae
614 2638 776 2701 prima
825 2654 1003 2688 manus
1054 2640 1348 2688 exaraverat
1407 2652 1506 2686 non
1559 2636 1635 2686 ita
1686 2635 1847 2685 multo

147 2715 264 2777 post
303 2739 368 2746 —
412 2713 601 2762 Kochio
641 2713 684 2760 si
723 2712 869 2763 fldem
911 2712 1176 2775 habemus,
1215 2727 1340 2761 saec.
1364 2710 1462 2760 XII
1499 2713 1641 2775 parte
1683 2709 1847 2775 priore

149 2814 219 2822 —
252 2791 499 2837 corrector
530 2785 732 2851 quidam
764 2788 967 2853 linguae
998 2787 1187 2836 latinae
1219 2786 1393 2849 sciens,
1433 2786 1537 2835 sive
1577 2786 1847 2849 archetypo

147 2876 266 2911 usus
307 2863 409 2912 sive
443 2862 601 2912 altero
634 2863 923 2927 apographo
957 2863 1064 2911 eius
1097 2877 1252 2923 eoque
1285 2860 1584 2925 quibusdam
1615 2861 1667 2909 in
1698 2859 1845 2909 rebus

1882 1061 1951 1108 Α*
