2034 3086
177 39 264 86 xn
851 37 1195 101 PRAEFATIO

179 166 401 231 graviter
437 164 659 213 laturum
697 164 834 227 quod
871 163 1258 214 correctionibus
1295 162 1527 213 futilibus
1556 164 1661 214 eius
1693 166 1872 228 spretis

178 256 239 289 ea
274 240 475 287 tantum
517 240 920 301 commemoravi,
967 254 1095 302 quae
1134 237 1346 287 alicuius
1383 238 1536 301 pretii
1583 254 1689 289 esse
1737 238 1871 288 vide-

177 314 374 363 bantur.
449 315 594 363 notas
648 314 860 377 denique
913 313 1028 362 illas
1085 315 1136 369 et
1187 312 1398 374 scholia,
1449 329 1578 375 quae
1623 307 1698 362 Α3
1711 308 1785 362 A4
1799 307 1874 362 Α6

179 403 533 451 saepenumero
603 388 997 452 adscripserunt,
1065 404 1145 437 me
1211 386 1430 450 recipere
1492 388 1711 438 noluisse
1769 388 1873 437 iam

178 477 332 525 supra
370 461 486 510 dixi.

326 536 388 585 In
437 537 877 602 orthographia
922 536 1169 599 optimum
1212 535 1376 586 visum
1420 536 1497 585 est
1539 534 1707 599 ipsum
1750 537 1872 586 Am·

177 610 467 660 brosianum
504 611 647 675 sequi
683 613 742 660 ut
779 610 954 659 ducem
990 612 1115 660 satis
1152 611 1339 660 bonum
1377 610 1607 672 quamvis
1636 627 1736 660 non
1778 611 1875 662 sibi

178 687 501 735 constantem.
554 702 645 735 nec
674 685 880 735 verebar
912 700 973 733 ne
1014 686 1091 734 ita
1131 683 1509 749 inaequalitatis
1541 685 1728 734 crimen
1757 687 1873 736 sub-

176 760 313 810 irem.
367 777 485 810 nam
514 777 576 810 ne
605 760 660 809 id
691 759 891 823 quidem
926 760 1049 809 satis
1081 763 1388 824 compertum
1416 758 1672 821 habemus,
1702 762 1874 810 utrum

175 834 283 899 ipse
322 835 508 885 Seneca
553 835 650 885 sibi
691 834 993 896 constiterit,
1038 835 1295 898 multaque
1331 835 1538 884 monent
1574 849 1688 882 eum
1724 836 1783 883 ut
1818 835 1874 883 in

177 910 291 959 aliis
352 910 698 975 neglegentem
757 909 833 958 ita
891 907 946 956 in
1001 908 1080 957 his
1140 909 1287 958 rebus
1347 909 1652 958 incuriosum
1704 907 1872 958 fuisse.

175 985 346 1048 itaque
395 984 587 1048 primae
631 999 810 1033 manus
855 982 1070 1046 vestigia
1117 999 1338 1046 premere
1384 983 1622 1033 constitui
1666 983 1717 1030 et
1763 999 1874 1032 eam

175 1059 250 1108 ita
294 1060 459 1123 sequi,
507 1060 567 1106 ut
610 1058 767 1107 bonas
812 1058 1086 1120 scripturas
1133 1057 1423 1121 formasque
1470 1058 1777 1122 antiquiores
1815 1061 1875 1107 ut

177 1150 203 1182 e
234 1133 402 1182 codice
441 1132 711 1195 archetypo
755 1133 980 1181 servatas
995 1149 997 1152 ·
1015 1131 1302 1194 retinerem,
1341 1148 1651 1196 quamquam
1682 1147 1875 1196 semper

175 1207 279 1256 fere
316 1200 389 1255 Α’3
435 1208 524 1254 aut
559 1201 634 1254 A³
677 1233 740 1240 ——
791 1206 851 1254 de
895 1205 1007 1268 ipsa
1044 1201 1117 1252 Α1
1164 1205 1337 1255 dubito
1387 1234 1440 1240 -
1486 1207 1540 1255 in
1585 1207 1873 1256 usitatiores

174 1281 407 1331 mutavit.
467 1296 586 1329 nam
630 1282 690 1328 ut
731 1279 936 1328 tandem
974 1279 1245 1341 aliquando
1277 1295 1448 1329 earum
1480 1282 1755 1331 formarum
1793 1298 1872 1330 ex-

176 1355 368 1418 emplis,
401 1370 530 1417 quae
553 1354 694 1402 Neue
720 1354 937 1417 collegit,
969 1354 1194 1416 exempla
1217 1352 1493 1403 Annaeana
1524 1356 1774 1406 addantur
1805 1383 1867 1390 —

176 1431 228 1478 et
270 1429 434 1478 multa
482 1428 555 1476 ibi
597 1427 960 1485 desiderantur,
987 1454 1069 1486 —,
1116 1427 1391 1477 cavendum
1436 1430 1515 1477 est
1550 1446 1612 1478 ne
1660 1447 1685 1479 e
1730 1433 1874 1480 textu

176 1504 501 1567 expellantur.
551 1518 664 1551 cum
697 1504 868 1551 autem
898 1501 999 1551 alia.
1029 1503 1243 1551 retinere
1274 1502 1376 1550 alia
1397 1517 1648 1552 removere
1672 1506 1873 1566 nollem,

174 1579 348 1642 paullo
397 1579 545 1641 plura
593 1577 699 1626 eius
750 1577 942 1643 generis
992 1576 1157 1640 recepi
1203 1593 1354 1640 quam
1402 1574 1548 1624 Gertz
1592 1577 1724 1627 fecit.
1782 1595 1872 1626 nec

175 1653 485 1703 accusativos
536 1652 755 1717 plurales
800 1655 994 1701 moturas
1031 1669 1080 1715 p.
1107 1653 1192 1714 28,
1219 1652 1249 1699 6
1303 1651 1656 1712 maqistratwus
1697 1653 1783 1714 35,
1802 1654 1869 1700 25

173 1729 372 1788 fastuus
415 1731 498 1790 71,
519 1733 544 1776 1
589 1726 754 1791 sprevi
798 1743 888 1777 nec
933 1726 1153 1791 genetivi
1194 1725 1462 1790 singularis
1502 1726 1552 1773 et
1589 1723 1749 1775 dativi
1788 1726 1872 1774 ab·

174 1802 420 1865 lativique
457 1803 669 1866 pluralis
701 1801 945 1851 secundae
977 1800 1324 1849 declinationis
1359 1799 1544 1848 formas
1576 1800 1873 1863 contractaS,

176 1876 360 1940 quippe
411 1893 537 1939 quas
589 1877 643 1925 in
695 1875 967 1941 tragoediis
1021 1890 1220 1937 quoque
1274 1889 1305 1922 a
1361 1872 1546 1922 Seneca
1604 1877 1871 1939 usurpatas

173 1949 393 1999 viderem
434 1944 521 2017 (—
569 1951 786 2000 numeris
823 1952 941 1999 utor
977 1947 1213 1997 Leoninis
1243 1974 1310 1980 —
1336 1948 1502 2008 inyem'
1539 1947 1722 1998 Phoen
1749 1951 1871 2012 238,

172 2025 349 2085 imperi
385 2023 570 2073 Phoen.
596 2026 718 2074 296.
753 2025 855 2072 661
898 2022 1106 2071 Phaedr.
1134 2022 1240 2071 868
1274 2020 1392 2071 Oed.
1420 2022 1490 2071 84
1522 2022 1721 2086 Thyest.
1748 2026 1870 2074 223

167 2099 308 2159 239,
384 2099 559 2146 arbitri
626 2099 752 2148 Med.
798 2099 925 2159 137,
1002 2097 1194 2158 coniugi
1260 2096 1387 2145 Med.
1436 2098 1568 2158 481,
1642 2100 1872 2160 supercili

172 2170 382 2220 Phaedr.
418 2174 540 2234 799,
587 2173 758 2221 consili
799 2172 999 2234 Thyest.
1034 2172 1155 2219 308.
1190 2172 1313 2234 325,
1359 2172 1499 2222 exilis
1535 2172 1719 2222 Phoen.
1748 2174 1870 2232 625,

173 2246 410 2306 supplicis
446 2245 574 2295 Med.
604 2240 786 2313 1015).
861 2246 983 2294 item
1021 2245 1207 2296 formas
1250 2248 1530 2296 contractas
1563 2249 1705 2308 perit,
1754 2247 1868 2303 abit,

174 2319 334 2376 audit,
382 2319 528 2377 ἀθεεὶ,
567 2322 675 2381 peti
716 2320 824 2370 sim.
899 2334 1077 2383 prosae
1124 2321 1342 2370 orationi
1378 2321 1680 2370 Annaeanae
1727 2320 1868 2370 abro-

173 2394 287 2458 gari
335 2408 435 2441 non
480 2409 625 2456 posse
672 2397 724 2444 et
767 2393 923 2442 mirus
970 2393 1195 2444 codicum
1240 2397 1543 2459 optimorum
1590 2409 1869 2457 consensuS,

173 2467 555 2532 Bambergensis
595 2468 705 2517 dico
742 2469 797 2517 in
828 2467 1079 2530 epistulis,
1118 2468 1438 2520 Ambrosiani
1467 2471 1521 2518 in
1552 2468 1781 2534 dialogis,
1819 2472 1870 2519 et

173 2541 550 2605 tragoediarum
597 2558 717 2592 usus
768 2542 890 2590 satis
941 2542 1219 2592 luculenter
1271 2544 1492 2594 ostendit
1537 2537 1679 2610 (petit
1721 2543 1866 2594 Herc.

175 2617 270 2664 fur.
298 2617 420 2664 244.
462 2617 567 2666 825
609 2616 787 2664 Troad.
814 2616 919 2663 348
953 2618 1059 2676 peti
1093 2617 1236 2667 Herc.
1271 2617 1378 2668 Oet.
1423 2619 1563 2667 1843
1604 2617 1731 2667 Med.
1759 2620 1864 2668 248

168 2691 299 2751 perit
337 2690 515 2740 Troad.
543 2690 644 2738 631
689 2690 794 2739 adit
829 2688 972 2739 Herc.
1013 2691 1108 2741 fur.
1142 2694 1245 2741 321
1284 2695 1383 2742 obit
1410 2692 1554 2740 Herc.
1588 2690 1695 2741 Oet.
1723 2695 1861 2742 1911

175 2765 352 2815 Troad.
388 2766 493 2814 597
550 2765 652 2813 abit
702 2763 846 2813 Herc.
892 2762 998 2814 Oet.
1034 2767 1137 2816 197
1147 2762 1216 2834 7).
1307 2769 1362 2816 in
1414 2765 1864 2830 praepositionibus

173 2840 337 2889 verbis
376 2839 555 2903 quibus
593 2838 794 2888 iunctae
833 2841 952 2887 sunt
990 2843 1079 2889 aut
1118 2840 1451 2892 assimilandis
1491 2843 1580 2890 aut
1613 2857 1712 2890 non
1744 2840 1866 2889 assi·
