2034 3086
173 66 244 119 92
501 63 551 108 L.
575 62 813 107 ANNAEI
844 61 1118 107 SENECAE
1149 62 1308 107 mAL.
1334 63 1548 108 L113.1v.

115 199 140 240 8
171 185 497 239 restiterunt.
574 185 736 255 longe
782 186 966 253 itaque
1011 185 1079 238 ab
1123 184 1491 239 adsentatione
1529 185 1761 255 pueritia
1798 205 1876 240 re-

173 259 437 313 movenda
475 262 578 313 est:
617 259 800 312 audiat
837 277 1037 313 verum.
1108 262 1162 313 et
1199 259 1388 314 timeat
1426 260 1664 329 interim,
1701 279 1876 315 verea-

172 338 262 388 tur
300 353 531 404 semper,
570 334 864 388 maioribus
904 333 1171 405 adsurgat.
1237 334 1376 388 nihil
1413 353 1510 405 per
1546 333 1875 389 iracundiam

173 413 378 465 exoret:
433 408 578 479 quod
628 408 781 463 flenti
828 411 1086 480 negatum
1135 408 1321 478 fuerit,
1374 409 1558 480 quieto
1609 410 1874 475 offeratur.

173 488 228 539 et
265 483 479 537 divitias
516 483 822 554 parentium
860 483 919 536 in
956 486 1248 552 conspectu
1281 483 1502 554 habeat,
1531 503 1643 538 non
1672 484 1730 537 in
1759 502 1873 538 usu.
1931 503 1950 535 ⁵

115 573 140 611 9
173 558 566 628 exprobrentur
612 558 695 612 illi
744 576 1023 628 perperam
1073 558 1230 612 facta.
1306 558 1598 628 pertinebit
1647 559 1714 613 ad
1762 577 1875 612 rem

172 635 546 703 praeceptores
583 632 1034 705 paedagogosque
1072 633 1252 703 pueris
1291 633 1531 703 placidos
1571 634 1707 688 dari:
1756 653 1876 705 pro-

171 708 331 762 ximis
379 708 680 778 adplicatur
718 726 876 762 omne
916 707 1062 777 quod
1098 710 1343 763 tenerum
1384 711 1465 762 est
1503 711 1558 762 et
1595 709 1654 762 in
1691 727 1876 763 eorum

174 783 582 837 similitudinem
615 783 846 853 ‘crescit3
895 782 1168 837 nutricum
1208 786 1262 838 et
1299 783 1735 854 paedagogorum
1774 787 1877 838 ret—

86 872 141 912 10
172 860 344 912 tulere
382 876 510 912 mox
549 857 971 913 adulescentium
1010 875 1200 912 mores.
1264 859 1407 928 apud
1438 858 1719 912 Platonem
1754 859 1877 912 edu·
1911 878 1952 911 ιο

174 937 324 988 catus
355 952 490 1003 puer
520 950 642 987 eum
676 933 743 986 ad
773 935 1020 1003 parentes
1043 934 1244 987 relatus
1270 933 1651 988 vociferantem
1675 933 1880 987 videret

173 1011 404 1078 patrem:
455 1007 804 1077 ‘numquam’
843 1008 1022 1077 inquit
1061 1007 1194 1062 ‘hoc
1233 1008 1374 1078 apud
1415 1008 1696 1062 Platonem
1734 1007 1879 1061 vidi?

172 1101 281 1136 non
321 1082 510 1136 dubito
552 1083 685 1152 quin
723 1082 880 1136 citius
918 1086 1127 1151 patrem
1166 1083 1408 1137 imitatus
1448 1083 1520 1136 sit
1559 1101 1719 1152 quam
1759 1081 1877 1135 Pla·

87 1172 138 1211 11
173 1161 370 1211 tonem.
448 1157 625 1211 tenuis
676 1159 800 1211 ante
851 1157 1032 1211 omnia
1078 1157 1252 1212 victus
1297 1159 1368 1212 sit
1406 1160 1459 1211 et
1496 1176 1608 1211 non
1644 1157 1879 1228 pretiosa

172 1233 336 1287 vestis
377 1235 431 1287 et
469 1232 659 1286 similis
699 1232 876 1286 cultus
917 1250 1039 1286 eum
1079 1232 1414 1303 aequalibus:
1464 1251 1575 1286 non
1621 1233 1879 1286 irascetur
1910 1252 1952 1286 15

174 1307 408 1377 aliquem
460 1307 563 1360 sibi
614 1306 910 1376 comparari
960 1326 1120 1377 quem
1166 1307 1233 1360 ab
1275 1307 1429 1361 initio
1469 1307 1654 1361 multis
1694 1326 1875 1377 parem

171 1382 376 1435 feceris.

118 1486 139 1525 1
323 1470 492 1525 XXII.
557 1469 662 1525 Sed
708 1471 841 1525 haec
888 1471 954 1524 ad
1000 1472 1198 1526 liberos
1237 1475 1451 1526 nostros
1490 1472 1783 1542 pertinent;
1821 1472 1878 1525 in

173 1547 330 1601 nobis
371 1546 587 1616 quidem
627 1563 741 1599 sors
774 1546 1028 1601 nascendi
1059 1550 1114 1600 et
1144 1546 1388 1601 educatio
1420 1564 1520 1600 nec
1548 1546 1669 1600 vitii
1697 1547 1878 1601 locum

173 1640 273 1676 nec
325 1622 433 1675 iam
488 1620 760 1691 praecepti
812 1621 999 1675 habet:
1060 1621 1339 1692 sequentia
1393 1621 1686 1675 ordinanda
1739 1625 1876 1674 sunt.
1909 1645 1953 1678 20

116 1710 140 1749 2
176 1700 363 1751 contra
410 1696 611 1767 primas
661 1696 843 1766 itaque
890 1713 1076 1750 causas
1122 1714 1364 1768 pugnare
1403 1696 1680 1763 debemus3
1720 1712 1879 1749 causa

175 1775 355 1826 autem
409 1771 715 1826 iracundiae
770 1771 953 1841 opinio
1008 1771 1234 1825 iniuriae
1284 1773 1387 1840 est,
1442 1770 1529 1825 cui
1573 1789 1684 1824 non
1721 1769 1878 1824 facile

175 1846 497 1900 credendum
522 1850 617 1900 est.
678 1864 746 1899 ne
777 1846 976 1916 apertis
1008 1846 1225 1915 quidem
1258 1846 1662 1914 manifestisque
1695 1844 1877 1898 statim

176 1921 559 1990 accedendum3
603 1921 864 1991 quaedam
905 1920 1047 1974 em'm
1086 1920 1223 1974 falsa
1261 1920 1374 1975 veri
1412 1919 1644 1990 speciem
1683 1919 1876 1973 ferunt.

117 2009 142 2047 3
177 1996 411 2050 dandum
450 2012 662 2065 semper
699 1999 781 2049 est
817 1999 1053 2065 tempus:
1091 1995 1373 2048 veritatem
1412 1994 1523 2047 dies
1563 1994 1749 2064 aperit.
1810 2013 1878 2048 ne
1909 2018 1952 2051 25

177 2071 286 2124 sint
324 2087 478 2124 aures
517 2069 926 2124 criminantibus
963 2069 1171 2123 faciles:
1208 2069 1314 2124 hoc
1351 2070 1617 2123 humanae
1656 2073 1878 2123 naturae

175 2144 368 2199 vitium
408 2147 718 2214 suspectum
755 2147 1054 2213 notumque
1090 2144 1248 2198 nobis
1288 2144 1381 2213 sit,
1420 2143 1587 2213 quod,
1626 2162 1762 2214 quae
1799 2144 1878 2197 in-

176 2218 275 2271 viti
329 2219 598 2288 audimus,
645 2218 877 2273 libenter
922 2219 1186 2273 credimus
1234 2221 1308 2287 et,
1356 2221 1644 2287 antequam
1683 2218 1877 2272 iudice-

116 2307 144 2345 4
176 2310 295 2346 mus
305 2325 328 2362 ,-
357 2293 648 2348 irascimur.
729 2293 881 2362 quid,
920 2294 1064 2363 quod
1109 2312 1219 2347 non
1263 2292 1724 2347 criminationibus
1762 2296 1876 2346 tan-

325 2468 351 2513 1
377 2469 653 2515 restiterunt
673 2470 774 2515 AL
804 2469 1065 2514 restiterint
1085 2468 1244 2573 vomi!
1273 2467 1303 2513 3
1327 2468 1523 2512 adsurat
1545 2469 1608 2523 A,
1632 2482 1745 2514 corr.
1768 2468 1873 2523 fort.

175 2543 231 2574 m.
259 2533 285 2573 1
327 2527 344 2588 ΙΙ
384 2527 415 2572 6
445 2528 761 2586 exprobentur
783 2530 829 2574 A
860 2543 975 2574 corr.
1008 2530 1122 2588 volq.
1157 2528 1175 2589 ΙΙ
1244 2527 1275 2573 0
1306 2527 1678 2573 adulescentium
1710 2527 1877 2582 Haupt

175 2587 590 2634 inadolescentiam
616 2590 663 2634 A
696 2591 740 2646 (o
771 2602 885 2634 corr.
910 2603 967 2633 ex
994 2603 1027 2632 u
1050 2589 1136 2647 A⁶)
1167 2588 1219 2633 in
1249 2586 1569 2644 adolescentia
1591 2588 1637 2633 L
1665 2587 1671 2647 Ι
1716 2585 1772 2630 11
1803 2585 1875 2628 ui-

177 2649 310 2693 deret
346 2649 393 2694 A
439 2647 626 2692 audiret
671 2650 736 2694 H.
769 2648 1028 2705 Stephanus
1070 2648 1088 2708 ΙΙ
1133 2647 1193 2693 14
1233 2647 1296 2691 sit
1336 2647 1411 2692 hic
1452 2647 1558 2692 add.
1595 2647 1643 2693 R
1704 2645 1816 2702 kopf
1858 2644 1875 2703 ΙΙ

176 2708 235 2752 19
274 2707 472 2753 convicii
511 2706 665 2753 locum
708 2709 823 2753 coni.
858 2709 1064 2753 Karsten
1102 2707 1120 2768 Η
1163 2706 1223 2752 20
1265 2707 1512 2763 sequentia
1543 2706 1872 2762 <tempora>

185 2769 452 2827 Wesenbery
474 2767 574 2813 coll.
598 2780 696 2824 cap.
725 2771 796 2823 18,
815 2772 841 2812 1
871 2767 888 2827 ΙΙ
917 2766 978 2812 24
1001 2766 1325 2812 adcedendum
1348 2767 1395 2811 A
1425 2766 1441 2825 Η
1471 2766 1528 2811 27
1553 2767 1808 2821 notumque
1827 2764 1873 2808 A

175 2829 485 2931 notaitumque
534 2826 670 2872 Gertz
724 2828 1008 2884 cautumque
1056 2828 1260 2873 Karsten
1316 2826 1321 2885 1
1381 2826 1528 2883 quod,
1583 2837 1704 2882 quae
1757 2823 1870 2881 volq.

177 2901 268 2943 quo
305 2902 357 2943 (ις
389 2889 435 2932 Α
