2028 3106
228 98 336 152 358
543 94 594 139 L.
618 93 856 138 ANNAEI
888 92 1161 138 SENECAE
1194 93 1351 138 DIAL.
1376 94 1489 139 LIB.
1513 93 1610 138 XII.

226 217 489 271 tristiores
530 215 974 283 sollicitioresque
1013 214 1293 268 divitibus:
1330 217 1496 268 immo
1535 217 1714 270 nescio
1755 236 1825 270 an
1862 237 1924 271 eo

225 292 474 345 laetiores
538 290 666 359 sint,
729 307 834 358 quo
896 290 1106 342 animus
1160 290 1378 353 illorum
1433 291 1491 342 in
1544 292 1798 359 pauciora
1852 292 1926 344 di-

226 365 526 435 stringitur.
615 367 946 417 transeamus
1007 363 1045 432 †
1107 383 1205 433 ape
1268 383 1361 432 spe
1413 382 1525 417 non
1579 365 1925 420 obveniamus

226 440 293 494 ad
332 439 650 507 locupletes:
690 457 850 507 quam
888 439 1062 491 multa
1100 439 1346 507 tempora
1385 441 1534 507 sunt,
1574 440 1766 507 quibus
1798 460 1927 510 pau-

224 514 441 584 peribus
481 513 680 566 similes
721 513 850 565 sint!
928 513 1274 565 circumcisae
1313 515 1439 565 sunt
1469 515 1926 584 peregrinantium
1981 533 2000 566 5

226 589 465 642 sarcinae
518 590 572 640 et
626 588 872 656 quotiens
926 586 1326 640 festinationem
1378 588 1666 641 necessitas
1719 590 1926 642 itineris

226 663 425 734 exegit,
472 663 730 716 comitum
775 661 935 714 turba
982 661 1285 714 dimittitur.
1363 661 1655 715 militantes
1704 667 1926 732 quotam

226 740 434 808 partem
494 755 672 790 rerum
735 754 951 789 suarum
1016 754 1194 790 secum
1255 736 1477 806 habent,
1537 753 1659 790 cum
1714 756 1927 792 omnem

225 814 540 882 apparatum
588 812 870 865 castrensis
911 810 1195 880 disciplina
1234 810 1603 864 summoveat?
1676 830 1776 866 nec
1813 816 1927 866 tan-

223 889 340 940 tum
379 887 623 941 condicio
662 887 786 939 illos
825 889 1130 954 temporum
1170 889 1264 939 aut
1301 886 1546 940 locorum
1586 886 1770 955 inopia
1800 906 1927 956 pau·
1959 905 2002 938 ιο

223 962 438 1031 peribus
471 964 752 1029 exaequat:
793 963 1012 1013 sumunt
1044 959 1303 1028 quosdam
1337 961 1471 1029 dies,
1511 979 1634 1014 cum
1666 961 1773 1013 iam
1804 961 1928 1015 illos

224 1036 534 1089 divitiarum
579 1035 817 1088 taedium
865 1035 1028 1102 cepit,
1078 1035 1269 1102 quibus
1315 1035 1468 1087 humi
1514 1039 1708 1089 cenent
1753 1038 1807 1089 et
1851 1054 1928 1089 re—

224 1113 372 1163 moto
434 1127 564 1162 auro
620 1110 951 1178 argentoque
1004 1108 1260 1161 fictilibus
1314 1111 1548 1162 utantur.
1635 1111 1928 1164 dementes!

223 1185 328 1238 hoc
375 1183 520 1252 quod
566 1182 853 1251 aliquando
901 1183 1313 1251 concupiscunt,
1359 1201 1569 1252 semper
1611 1185 1816 1238 timent.
1896 1203 1927 1238 o

225 1261 426 1328 quanta
473 1258 595 1310 illos
643 1257 817 1327 caligo
865 1256 1153 1325 mentium,
1199 1260 1400 1325 quanta
1445 1258 1750 1327 ignorantia
1795 1260 1928 1311 veri·
1961 1276 2002 1310 15

223 1334 350 1387 tatis
404 1336 656 1395 excaecat,
719 1348 844 1399 quos
899 1332 1053 1383 timor
1099 1332 1427 1398 paupertatis
1482 1335 1712 1400 exercet,
1768 1351 1929 1400 quam

223 1408 516 1477 voluptatis
565 1424 725 1460 causa
770 1405 1073 1458 imitantur!
1150 1423 1235 1458 me
1282 1405 1521 1475 quidem,
1567 1406 1815 1475 quotiens
1863 1406 1930 1459 ad

223 1484 445 1552 antiqua
476 1482 722 1551 exempla
752 1480 986 1549 respexi,
1025 1482 1356 1549 paupertatis
1389 1481 1470 1533 uti
1502 1481 1715 1535 solaciis
1748 1481 1932 1550 pudet,

224 1559 477 1628 quoniam
518 1557 733 1626 quidem
773 1573 835 1608 eo
867 1557 1171 1624 temporum
1203 1555 1417 1609 luxuria
1446 1557 1698 1626 prolapsa
1728 1559 1831 1625 est,
1868 1559 1932 1609 ut

223 1633 395 1685 maius
441 1633 699 1685 viaticum
751 1630 966 1684 exulum
1017 1630 1109 1699 sit,
1157 1648 1318 1699 quam
1365 1631 1494 1684 olim
1542 1631 1929 1699 patrimonium
1961 1638 2021 1682 so'

221 1707 527 1776 principum
587 1706 705 1758 fuit.
789 1723 958 1758 unum
1010 1704 1177 1758 fuisse
1231 1704 1469 1758 Homero
1524 1722 1762 1774 servum,
1820 1708 1929 1757 tres

225 1780 459 1848 Platoni,
497 1781 708 1833 nullum
739 1779 968 1846 Zenoni,
1006 1798 1037 1831 a
1069 1797 1175 1847 quo
1209 1780 1388 1849 coepit
1419 1777 1725 1832 Stoicorum
1754 1779 1930 1849 rigida

223 1873 285 1909 ac
323 1854 494 1907 virilis
536 1854 819 1923 sapientia,
858 1853 986 1905 satis
1027 1856 1258 1906 constat·
1303 1872 1435 1907 num
1475 1871 1602 1936 ergo
1644 1853 1928 1937 quisquam

223 1947 314 1984 eos
365 1929 558 1981 misere
609 1928 807 1979 vixisse
854 1927 1016 1992 dicet,
1065 1930 1126 1980 ut
1171 1947 1281 1981 non
1327 1929 1444 1997 ipse
1490 1927 1818 1981 miserrimus
1860 1928 1926 1981 ob

222 2004 327 2058 hoc
373 2003 621 2057 omnibus
669 2001 948 2054 videatur?
1025 2001 1302 2056 Menenius
1342 2001 1611 2072 Agrippa,
1657 2003 1751 2071 qui
1789 2003 1929 2056 inter
1958 2018 2001 2054 ss

223 2072 400 2148 patres
448 2096 510 2131 ac
549 2077 760 2147 plebem
799 2076 1044 2146 publicae
1084 2078 1288 2148 gratiae
1327 2079 1600 2145 sequester
1638 2077 1765 2147 fuit,
1809 2095 1927 2131 aere

374 2253 399 2297 1
441 2252 826 2311 ansleossletiores
859 2251 953 2306 A⁵;
992 2266 1047 2297 ex
1077 2252 1147 2298 A²
1184 2253 1415 2308 scriptura
1446 2257 1563 2296 certo
1593 2253 1927 2309 dispiciuntur:

224 2326 325 2358 ane.
329 2312 547 2358 laetiores
585 2313 662 2357 sed
699 2314 821 2357 inter
852 2326 877 2356 e
909 2317 951 2356 et
981 2312 998 2355 l
1028 2327 1125 2357 ana
1157 2314 1311 2357 littera
1346 2311 1463 2365 fuit,
1499 2313 1605 2366 fort.
1632 2311 1652 2369 j
1686 2318 1802 2357 certe
1832 2326 1926 2356 non
2017 2332 2018 2337 =

282 2373 298 2431 Η
327 2372 356 2416 2
387 2386 479 2428 quo
510 2373 624 2429 voly.
658 2372 784 2428 quod
807 2373 852 2417 A
891 2371 894 2429 Ι
932 2371 1231 2429 distringitur
1260 2370 1375 2427 voly.
1410 2370 1557 2414 destr-
1581 2372 1627 2416 A
1658 2372 1674 2430 Η
1714 2371 1744 2415 3
1773 2373 1925 2415 trans-

225 2445 386 2476 eamus
442 2444 530 2487 ape
577 2445 658 2486 spe
704 2445 798 2475 non
845 2430 1152 2475 obueniamus
1195 2432 1242 2476 A
1295 2431 1352 2473 tr
1394 2443 1505 2486 opes
1550 2444 1702 2487 paene
1748 2430 1924 2486 inopes,

224 2491 464 2536 veniamus
497 2490 694 2547 Bladviy
730 2493 788 2535 tr.
823 2490 1094 2547 asperiores.
1136 2504 1221 2534 nos
1253 2488 1549 2533 obvertamus
1573 2491 1836 2535 Feldmann
1866 2491 1921 2533 tr.

224 2564 253 2595 a
282 2564 332 2595 re
365 2562 507 2606 saepe
538 2562 632 2592 non
664 2549 821 2604 obvia,
865 2550 1107 2594 veniamus
1139 2549 1373 2595 Rossbach
1410 2550 1466 2592 tr.
1502 2548 1598 2594 alia
1628 2548 1924 2606 prosperiora
2006 2586 2009 2590 .

223 2610 464 2664 obvenire3
491 2622 652 2653 eamus
676 2610 902 2655 Schultess
932 2612 989 2653 tr.
1008 2610 1165 2667 capite
1190 2621 1366 2662 censos,
1390 2609 1630 2652 veniamus
1646 2609 1888 2666 Niemeyer
1908 2608 1926 2668 Η

222 2669 252 2715 8
282 2685 436 2716 rerum
469 2683 524 2714 ex
554 2682 713 2712 rurum
745 2683 857 2714 corr.
889 2670 1018 2714 A¹-²
1061 2699 1063 2701 ·
1120 2668 1179 2713 15
1220 2668 1489 2725 ignorantia
1533 2669 1716 2726 (ultima
1756 2669 1838 2712 litt.
1871 2669 1923 2712 in

221 2743 312 2774 ras.
337 2745 394 2774 m.
422 2734 448 2773 5
480 2733 533 2773 at
561 2728 673 2783 vid.)
698 2730 743 2772 A
773 2728 809 2787 Η
824 2728 882 2773 16
913 2730 1217 2784 <excaecat‚
1251 2740 1366 2782 quos
1396 2727 1537 2771 timor
1567 2728 1921 2784 paupertatis>

223 2789 330 2833 add.
359 2789 533 2833 Vahlen
561 2787 576 2845 Η
607 2786 664 2830 21
700 2791 837 2831 seruu
860 2789 906 2832 A
939 2790 987 2845 (fi
1014 2789 1121 2832 add.
1146 2787 1253 2842 fort.
1278 2801 1335 2830 m.
1359 2789 1405 2842 2)
1436 2787 1451 2846 Η
1481 2786 1539 2831 22
1572 2799 1694 2843 aquo
1728 2787 1854 2843 cepit
1877 2787 1922 2831 A

224 2851 271 2902 (a
302 2849 406 2892 add.
436 2863 492 2892 m.
521 2850 567 2903 2)
610 2847 626 2905 Η
667 2845 726 2890 24
763 2847 1048 2891 miserrimus
1080 2847 1126 2892 A
1168 2848 1230 2902 (m
1263 2846 1464 2902 priorem
1493 2861 1527 2891 s
1552 2861 1592 2892 v.
1603 2802 1724 2891 &add
1750 2861 1807 2891 m.
1830 2847 1877 2902 2)
1906 2844 1923 2904 Η

221 2906 282 2951 26
313 2906 404 2950 fuit
433 2905 671 2950 reconlato
696 2905 766 2950 A¹
795 2912 848 2951 ut
879 2907 986 2961 vid„
1009 2920 1122 2951 corr.
1149 2906 1248 2950 alia
1279 2920 1400 2949 man.
