2034 3086
556 35 638 80 DE
668 35 775 80 IRA
806 34 917 81 LIB.
941 34 1019 80 111.
1067 34 1194 81 CAP.
1221 39 1262 79 ’1.
1287 38 1315 79 8
1680 38 1783 91 117

87 158 134 212 si
181 158 377 212 videris
430 157 569 211 feras
616 175 828 228 quoque
881 158 1133 212 convictu
1181 160 1367 211 nostro
1421 174 1787 211 mansuescere

85 234 328 319 nullique
373 232 535 286 etiam
579 231 800 286 immani
848 231 1048 286 bestiae
1092 233 1204 286 vim
1258 251 1410 285 suam
1464 250 1786 302 permanere,

86 309 131 361 si
192 307 426 361 hominis
478 307 888 361 contubernium
950 307 1044 360 diu
1105 325 1264 376 passa
1323 310 1425 361 est:
1486 306 1788 360 retunditur

86 382 261 436 omnis
315 381 573 451 asperitas
626 381 992 452 paulatimque
1038 381 1178 435 inter
1222 382 1436 451 placida
1485 381 1785 436 dediscitur.

33 477 55 511 s
85 456 290 511 acoedit
326 455 457 526 hnc,
495 457 641 526 quod
677 475 789 510 non
826 459 1038 508 tantum
1077 457 1324 525 exemplo
1364 457 1555 510 melior
1592 457 1656 510 fit
1695 457 1787 527 qui

84 549 207 586 cum
238 530 435 599 quietis
472 531 781 585 hominibus
812 530 960 598 vivit,
999 529 1092 583 sed
1123 530 1269 599 quod
1300 548 1487 584 causas
1526 531 1788 586 irascendi

0 634 3 661 ι
82 623 194 658 11011
238 605 444 659 invenit
489 624 590 661 nec
627 606 819 673 vitium
868 623 1024 658 suum
1071 608 1292 658 exercet.
1373 605 1560 675 fugere
1606 607 1788 676 itaque

83 678 298 733 debebit
340 682 516 735 omnis
556 699 691 751 quos
730 679 1042 733 inritaturos
1079 679 1411 734 iracundiam
1450 680 1594 733 sciet.
1673 680 1788 749 ‘qui
1819 697 1846 735 4

83 753 236 807 sunt’
272 755 453 826 inquis
492 754 673 809 ‘isti‘?’
712 755 871 808 multi
901 773 967 807 ex
996 755 1159 808 variis
1190 754 1365 810 causis
1396 753 1538 808 idem
1569 754 1787 808 facturi:

8 848 54 882 ιο
83 828 317 883 offendet
384 834 438 884 te
503 831 764 900 superbus
829 833 1164 900 contemptu,
1230 829 1387 884 dicax
1447 829 1785 897 contumelia,

82 904 331 974 petulans
355 905 566 974 iniuria,
588 905 786 959 lividus
811 905 1161 976 malignitate,
1186 923 1406 977 pugnax
1429 904 1785 974 contentione,

81 983 335 1034 ventosus
380 984 436 1034 et
480 980 709 1034 mendax
753 980 1012 1050 vanitate;
1059 999 1171 1034 non
1223 980 1360 1034 feres
1408 998 1440 1033 a
1489 979 1785 1050 suspicioso

79 1053 283 1123 timeri,
334 1074 367 1108 a
415 1055 687 1125 pertinace
733 1055 900 1124 vinci,
953 1075 985 1108 a
1038 1055 1266 1109 delicato
1320 1055 1563 1109 fastidiri.
1649 1054 1786 1127 elige
1819 1070 1844 1108 5

81 1128 368 1199 simplices,
396 1129 597 1199 faciles,
627 1129 949 1199 moderatos,
979 1130 1071 1199 qui
1101 1130 1238 1183 iram
1261 1133 1418 1183 tuam
1441 1148 1541 1183 nec
1564 1132 1788 1184 evocent

4 1220 50 1256 11
80 1207 135 1257 et
171 1203 369 1273 ferant3
408 1204 579 1275 magis
618 1204 795 1258 adhuc
832 1204 1127 1274 proderunt
1165 1203 1439 1257 summissi
1477 1207 1530 1257 et
1563 1204 1788 1258 humani

80 1281 135 1331 et
189 1278 396 1347 dulces,
454 1296 565 1331 non
625 1282 807 1331 tamen
866 1295 1037 1346 usque
1098 1277 1155 1331 in
1215 1277 1602 1348 adulationem,
1659 1297 1786 1332 nam

79 1350 364 1405 iracundos
409 1351 577 1405 nimia
620 1352 919 1406 adsentatio
959 1351 1203 1405 offendit:
1250 1355 1363 1405 erat
1401 1355 1543 1406 certe
1581 1352 1785 1407 amicus
1818 1368 1845 1408 6

78 1429 262 1479 noster
307 1425 390 1478 vir
431 1426 632 1495 bonus,
684 1426 776 1480 sed
822 1427 931 1479 irae
979 1427 1284 1496 paratioris,
1332 1426 1419 1480 cui
1456 1445 1568 1480 non
1613 1427 1786 1498 magis

78 1502 257 1554 tutum
279 1503 394 1554 erat
415 1500 646 1554 blandiri
671 1518 832 1571 quam
858 1501 996 1555 male
1021 1501 1207 1555 dicere.
1257 1500 1495 1555 Caelium
1520 1504 1786 1555 oratorem

3 1590 51 1627 ss
79 1573 243 1630 fuisse
304 1575 771 1630 iracundissimum
826 1580 1049 1630 constat.
1142 1594 1266 1630 cum
1320 1595 1451 1646 quo,
1503 1580 1567 1630 ut
1620 1577 1785 1646 aiunt,

79 1650 347 1705 cenabat
331 1669 390 1704 111
418 1651 668 1705 cubiculo
698 1651 867 1705 lectae
898 1650 1187 1737 patientiae
1217 1652 1406 1722 cliens,
1442 1650 1534 1706 sed
1566 1651 1787 1706 difficile

78 1729 194 1780 erat
244 1726 327 1780 illi
387 1726 444 1780 in
505 1726 755 1797 copulam
809 1727 1051 1781 coniecto
1106 1727 1277 1781 rixam
1331 1727 1445 1781 eius
1499 1746 1622 1782 cum
1677 1745 1784 1798 quo

79 1800 398 1855 cohaerebat
418 1801 674 1873 effugere3
706 1802 973 1872 optimum
997 1802 1254 1857 iudicavit
1278 1802 1540 1872 quidquid
1563 1802 1787 1857 dixisset

79 1875 230 1944 nequi
261 1879 315 1929 et
345 1876 604 1931 secundas
636 1896 805 1949 agere.
865 1895 976 1931 non
1005 1878 1133 1932 tulit
1157 1875 1366 1931 Caelius
1398 1876 1783 1931 adsentientem

4 1962 50 1999 ss
78 1950 134 2001 et
191 1950 532 2004 exclamavit.
596 1951 707 2005 ‘dic
764 1952 967 2022 aliquid
1029 1956 1239 2021 contra,
1290 1955 1353 2005 ut
1405 1951 1512 2005 duo
1568 1950 1785 2006 simusl’

79 2020 171 2075 sed
230 2022 322 2076 ille
384 2041 623 2094 quoque,
683 2027 826 2095 quod
887 2045 997 2080 non
1050 2027 1387 2095 irasceretur,
1447 2025 1615 2081 iratus
1675 2026 1783 2081 cito

79 2094 193 2149 sine
237 2096 540 2151 adversario
586 2098 737 2152 desit.
824 2101 1086 2172 eligamus
1131 2118 1260 2184 ergo
1309 2100 1395 2153 vel
1440 2101 1540 2155 hos
1586 2100 1785 2172 potius,
1817 2114 1841 2154 7

79 2169 125 2223 si
163 2170 364 2225 conscii
400 2172 557 2225 nobis
595 2172 899 2227 iracundiae
931 2192 1134 2244 sumus,
1171 2174 1264 2243 qui
1295 2175 1506 2229 vultum
1537 2178 1783 2229 nostrum

79 2261 143 2300 80
187 2262 485 2299 sermonem
533 2250 846 2315 sequantur.
893 2249 1091 2302 facient
1129 2248 1344 2319 quidem
1383 2268 1483 2304 nos
1528 2250 1784 2304 delicatos

5 2335 51 2371 ss
80 2323 135 2374 et
193 2319 248 2374 in
309 2319 505 2373 malam
574 2321 1014 2375 consuetudinem
1077 2322 1331 2377 inducent
1398 2324 1535 2379 nihil
1597 2328 1785 2379 contra

81 2394 409 2449 voluntatem
442 2393 714 2463 audiendi,
751 2395 843 2448 sed
875 2396 1114 2465 proderit
1146 2397 1277 2450 vitio
1309 2414 1407 2453 suo
1439 2399 1782 2454 intervallum

80 2473 134 2523 et
179 2469 408 2540 quietem
457 2468 597 2523 dare.
673 2469 919 2523 difficiles
960 2487 1174 2541 quoque
1213 2474 1267 2524 et
1305 2471 1554 2528 indomiti
1591 2476 1784 2528 natura

229 2675 262 2723 8
290 2676 492 2722 homini·
517 2674 586 2721 A*
615 2677 667 2720 in
696 2690 789 2722 ras.
822 2675 1033 2721 homines
1063 2681 1117 2721 (σε
1145 2677 1238 2722 vid.
1263 2677 1333 2724 Δ*
1380 2679 1387 2739 Ι
1427 2679 1487 2726 10
1522 2682 1571 2725 te
1603 2680 1657 2723 in
1686 2691 1778 2724 ras.

83 2734 198 2794 ΔἿΙ
234 2734 294 2782 ls
324 2735 612 2781 adultionem
637 2737 683 2781 Δ
714 2749 829 2781 cor-r.
861 2735 934 2781 vol
977 2735 1038 2840 “E
1070 2733 1132 2780 88
1161 2736 1359 2785 cohaere
1394 2742 1447 2785 at
1479 2739 1616 2785 Gertz
1648 2736 1780 2797 here-

82 2790 360 2911 mgni..
324 2796 383 2842 27
388 2795 706 2901 Odegxtecdss
641 2795 743 2840 -siit
771 2796 885 2854 0019.
924 2749 975 2854 l?
1068 2792 1321 2844 difficiles.
1425 2797 1611 2846 ,ferent
1642 2796 1781 2843 Gertz
