2028 3106
197 91 304 145 236
500 90 550 135 L.
575 89 815 134 ANNAEI
846 89 1120 135 SENECAE
1151 90 1309 136 DIAL.
1335 91 1446 138 LIB.
1471 91 1592 136 VIII.

196 229 330 281 opus
371 229 527 265 suum
566 214 771 280 spectet
802 230 871 264 an
900 214 1116 280 tractet3
1153 215 1403 266 utrumne
1441 214 1769 268 extrinsecus
1808 215 1888 268 illi

195 286 547 340 circumfusus
587 286 658 338 sit
696 304 765 338 an
798 287 901 339 toti
931 286 1157 355 inditus3
1195 285 1512 340 immortalis
1552 288 1623 341 sit
1659 289 1889 342 mundus

194 379 264 413 an
300 361 440 414 inter
479 360 678 413 caduca
717 363 770 413 et
808 360 874 413 ad
913 363 1125 429 tempus
1163 363 1289 413 nata
1325 363 1697 416 numerandus.
1759 363 1891 417 haec

195 434 288 503 qui
335 434 749 502 contemplatur,
801 434 930 503 quid
978 434 1077 487 deo
1128 435 1399 503 praestat?
1474 454 1541 490 ne
1587 440 1739 490 tanta
1777 437 1889 490 eius

195 527 356 578 opera
394 509 508 562 sine
546 511 682 561 teste
722 507 806 562 sit.

342 597 406 650 V.
471 595 715 650 Solemus
746 597 919 650 dicere
943 615 1212 650 summum
1234 598 1437 650 bonum
1461 616 1574 653 esse
1599 599 1890 653 secundum

191 674 438 724 naturam
488 670 687 724 vivere:
740 674 934 724 natura
980 689 1080 724 nos
1130 671 1196 724 ad
1245 675 1532 741 utrumque
1580 673 1790 744 genuit,
1839 676 1892 726 et

193 745 634 814 contemplationi
670 763 849 798 rerum
888 747 943 798 et
979 745 1192 799 actioni.
1254 745 1390 816 [32]
1444 765 1587 801 nunc
1618 748 1672 801 id
1703 748 1891 817 probe-

192 836 336 888 mus,
382 819 526 888 quod
570 820 720 889 prius
762 818 1010 872 diximus,
1087 819 1216 889 quid
1253 819 1453 890 porro?
1500 820 1603 876 hoc
1640 841 1752 875 non
1791 822 1892 875 erit

191 893 503 963 probatum,
533 894 580 947 si
611 913 665 948 se
692 894 1060 963 unusquisque
1084 895 1437 965 consuluerit,
1467 899 1720 965 quantam
1745 896 1890 967 cupi·

192 968 370 1022 dinem
407 968 602 1022 habeat
638 968 826 1039 ignota
862 968 1139 1039 noscendi,
1179 987 1340 1038 quam
1379 971 1446 1023 ad
1478 971 1651 1024 omnis
1682 972 1889 1025 fabulas

192 1042 488 1097 excitetur?
554 1043 812 1114 navigant
851 1043 1068 1112 quidam
1108 1047 1162 1097 et
1198 1044 1407 1098 labores
1445 1045 1888 1116 peregrinationis

189 1118 536 1189 longissimae
574 1136 682 1170 una
720 1118 961 1171 mercede
998 1118 1374 1189 perpetiuntur
1410 1121 1766 1191 cognoscendi
1797 1121 1890 1174 ali-

191 1192 321 1262 quid
374 1192 618 1245 abditum
671 1196 1059 1261 remotumque.
1145 1192 1278 1247 haec
1329 1211 1413 1247 res
1468 1194 1535 1246 ad
1589 1196 1890 1263 spectacula

189 1268 421 1337 populos
468 1266 760 1336 contrahit,
804 1267 937 1320 haec
976 1266 1123 1338 cogit
1159 1268 1438 1336 praeclusa
1475 1268 1682 1337 rimari,
1727 1286 1889 1323 secre-

189 1340 328 1395 tiora
352 1340 651 1410 exquirere,
682 1341 1028 1410 antiquitates
1053 1342 1319 1410 evolvere,
1350 1360 1524 1396 mores
1546 1343 1888 1397 barbararum

190 1415 373 1468 audire
411 1414 676 1487 gentium:
715 1416 986 1470 curiosum
1024 1416 1180 1469 nobis
1218 1419 1410 1469 natura
1439 1416 1714 1488 ingenium
1747 1418 1891 1470 dedit

190 1492 245 1542 et
282 1489 410 1542 artis
450 1489 553 1543 sibi
591 1507 653 1543 ac
690 1489 1106 1559 pulchritudinis
1147 1509 1273 1544 suae
1312 1491 1526 1545 conscia
1563 1494 1889 1561 spectatores

189 1581 289 1617 nos
327 1564 492 1617 tantis
530 1582 708 1617 rerum
748 1564 1066 1634 spectaculis
1102 1565 1311 1635 genuit,
1348 1565 1624 1634 perditura
1653 1566 1888 1620 fructum

190 1637 297 1707 sui,
346 1638 393 1691 si
441 1641 552 1691 tam
602 1656 822 1710 magna,
869 1641 982 1692 tam
1029 1639 1194 1708 clara,
1242 1642 1353 1692 tam
1400 1639 1670 1694 subtiliter
1715 1640 1889 1709 ducta,

190 1716 302 1766 tam
354 1712 542 1766 nitida·
574 1715 627 1766 et
671 1731 782 1766 non
827 1732 936 1766 uno
984 1731 1177 1784 genere
1215 1713 1452 1767 formosa
1490 1714 1769 1768 solitudini
1808 1732 1889 1768 os-

189 1787 444 1842 tenderet.
506 1790 568 1840 ut
606 1787 741 1841 scias
780 1788 930 1841 illam
970 1788 1199 1857 spectari
1237 1788 1494 1856 voluisse,
1530 1808 1641 1843 non
1678 1792 1889 1843 tantum

190 1862 378 1931 aspici,
425 1861 546 1915 vide
594 1879 751 1932 quem
798 1863 954 1916 nobis
992 1864 1173 1916 locum
1213 1862 1438 1916 dederit:
1483 1863 1541 1916 in
1577 1863 1752 1917 media
1789 1882 1887 1917 nos

191 1936 274 1990 sui
323 1939 475 2007 parte
529 1937 810 1990 constituit
855 1940 910 1990 et
955 1937 1401 2007 circumspectum
1448 1938 1688 1991 omnium
1733 1939 1889 1991 nobis

191 2011 358 2080 dedit3
417 2029 516 2065 nec
577 2011 745 2065 erexit
796 2012 1170 2066 tantummodo
1224 2012 1523 2081 hominem,
1583 2012 1674 2067 sed
1729 2013 1888 2066 etiam

189 2086 422 2139 habilem
469 2085 914 2156 contemplationi
961 2086 1192 2156 factura,
1240 2090 1303 2140 ut
1348 2087 1413 2141 ab
1462 2089 1584 2140 ortu
1623 2087 1796 2141 sidera
1833 2087 1890 2139 in

192 2178 439 2214 occasum
498 2161 735 2214 labentia
793 2161 1047 2231 prosequi
1106 2164 1288 2230 posset
1348 2165 1402 2215 et
1461 2163 1670 2215 voltum
1732 2180 1887 2215 suum

190 2234 531 2289 circumferre
571 2253 693 2289 cum
731 2238 873 2303 tot0,
912 2235 1140 2289 sublime
1177 2235 1307 2289 fecit
1343 2235 1425 2288 ini
1463 2239 1626 2306 caput
1664 2239 1718 2290 et
1749 2236 1887 2290 collo

190 2309 356 2362 flexili
394 2308 675 2379 imposuit3
714 2309 903 2363 deinde
942 2327 1070 2363 sena
1106 2328 1203 2379 per
1240 2309 1404 2379 diem,
1450 2327 1576 2363 sena
1625 2329 1721 2380 per
1765 2327 1888 2364 noc-

339 2485 368 2529 5
399 2487 491 2542 opa
514 2485 561 2530 A
597 2485 602 2543 1
638 2485 701 2529 sit
725 2485 799 2529 A.
833 2486 1025 2541 rectius,
1048 2490 1102 2530 ut
1123 2486 1233 2541 vid„
1264 2486 1359 2530 sint
1388 2487 1502 2544 volq.
1536 2489 1549 2542 Η
1581 2485 1610 2530 8
1640 2486 1690 2529 id
1721 2484 1887 2543 probe-

189 2558 292 2587 mus
340 2544 474 2589 Gertz
514 2543 788 2601 {probemus
819 2546 866 2589 A
907 2545 1004 2589 iam
1042 2559 1111 2602 pr.
1144 2546 1330 2591 Fickert
1372 2546 1576 2602 primum
1620 2560 1687 2602 pr.
1726 2546 1887 2590 Haase

190 2603 292 2658 (cfr.
332 2605 459 2660 epist.
495 2618 545 2660 p.
584 2606 686 2658 505,
708 2606 769 2648 24
812 2604 937 2661 adn.)
986 2619 1051 2650 an
1094 2604 1286 2662 conpr?
1330 2605 1347 2664 Η
1395 2605 1424 2649 9
1463 2605 1574 2661 quoi
1616 2618 1753 2661 porro
1797 2603 1887 2648 hoc

192 2663 388 2719 Madviy
425 2662 441 2723 ΙΙ
478 2662 536 2707 15
567 2662 776 2721 pelusari
805 2677 935 2708 mare
966 2665 1013 2709 A
1047 2678 1161 2709 corr.
1193 2665 1306 2722 voly.
1346 2663 1363 2724 Η
1398 2664 1458 2708 16
1488 2663 1793 2709 barbarorum
1816 2663 1887 2708 Α1

189 2735 302 2767 corr.
342 2722 413 2767 A⁵
455 2722 472 2782 Η
516 2722 575 2768 18
621 2722 805 2782 conscie
839 2724 886 2768 A
934 2723 951 2784 ΙΙ
998 2723 1058 2768 26
1102 2723 1310 2768 habilem
1358 2723 1801 2781 contemplationem
1839 2723 1886 2767 A

189 2795 303 2827 corr.
328 2783 522 2838 Lipsius
551 2781 761 2827 habilem
793 2782 855 2826 ad
887 2796 924 2827 c.
951 2784 1083 2828 Koch
1112 2782 1129 2843 Η
1158 2783 1217 2828 28
1241 2798 1347 2828 cum
1377 2785 1503 2828 totos
1526 2785 1572 2828 A
1602 2784 1722 2828 unde
1750 2783 1887 2828 Gertz

191 2855 294 2886 cum
326 2843 450 2898 toto,
483 2855 533 2886 os
563 2856 647 2887 ser.
672 2842 868 2888 Senecae
898 2843 1180 2888 obversatum
1210 2857 1301 2889 esse
1331 2844 1582 2889 arbitratus
1616 2844 1744 2888 ovid.
1770 2842 1872 2886 Met

189 2903 224 2946 Ι
247 2904 308 2946 85
319 2915 381 2959 sq.
419 2901 424 2960 ξ
461 2902 616 2958 capud
640 2901 679 2946 δε
701 2901 772 2947 A¹
795 2916 908 2948 corr.
933 2902 1004 2949 A⁶
1034 2904 1082 2948 et
1113 2905 1258 2960 caput
1284 2903 1419 2949 Gertz

1922 915 1965 948 10

1922 1287 1963 1320 15

1920 1658 1964 1691 20

1921 2029 1963 2062 25
