2034 3086
147 1244 170 1283 1

209 59 313 114 176
533 56 583 101 L.
607 40 845 101 ANNAE'I
876 56 1149 102 SENECAE
1179 58 1339 106 DIAL.
1363 59 1476 103 Lm.
1500 59 1578 104 v1.

209 180 422 230 natura:
463 175 757 231 ‘neminem
783 177 1004 247 decipio.
1059 180 1123 230 tu
1146 177 1192 231 si
1214 179 1356 233 filios
1381 179 1677 248 sustuleris,
1705 180 1906 250 poteris

208 251 404 304 habere
456 250 745 321 formosos,
800 255 854 305 et
903 251 1167 305 deformes
1218 253 1443 324 poteris3
1495 254 1722 307 fortasse
1769 255 1909 308 muti

207 327 506 378 nascentur.
583 344 698 380 esse
748 325 942 394 aliquis
994 344 1061 380 ex
1108 326 1216 379 illis
1266 329 1379 380 tam
1429 330 1668 382 servator
1703 328 1908 398 patriae

210 416 370 467 quam
409 399 653 468 proditor
689 399 902 469 poterit.
990 418 1102 454 non
1139 402 1221 454 est
1260 400 1404 469 quod
1444 402 1689 472 desperes
1727 404 1908 456 tantae

209 473 536 544 dignationis
590 474 826 543 futuros,
876 475 941 527 ut
987 492 1146 528 nemo
1193 474 1294 528 tibi
1338 479 1560 545 propter
1606 476 1730 531 illos
1768 477 1908 530 male
1961 496 1981 529 5

209 547 382 601 dicere
432 549 646 617 audeat;
699 565 942 618 propone
990 551 1172 603 tamen
1222 551 1276 602 et
1323 551 1504 603 tantae
1549 551 1759 605 futuros
1797 553 1907 604 tur-

207 621 491 692 pitudinis,
527 625 591 676 ut
626 621 732 691 ipsi
770 622 1055 677 maledicta
1093 624 1214 677 sint.
1287 622 1426 676 nihil
1462 627 1610 678 vetat
1646 625 1769 679 illos
1808 624 1909 679 tibi

207 715 456 767 suprema
493 699 764 766 praestare
804 700 858 751 et
893 698 1102 751 laudari
1139 701 1194 752 te
1233 717 1265 751 a
1300 697 1484 751 liberis
1523 698 1655 768 tuis,
1700 699 1794 754 sed
1831 699 1908 754 sic

205 774 259 825 te
297 790 428 841 para
464 773 741 839 tamquam
778 770 837 827 in
873 771 1055 843 ignem
1085 772 1417 842 inpositurus
1447 771 1534 824 vel
1564 790 1791 841 puerum
1821 775 1909 828 vel

205 845 453 899 iuvenem
491 844 579 897 vel
617 862 821 899 senem:
867 846 1005 899 nihil
1043 846 1185 899 enim
1225 847 1293 901 ad
1321 865 1435 901 rem
1465 845 1736 916 pertinent
1767 847 1908 917 anni,
1940 867 1982 900 ιο

207 919 461 988 quoniam
498 919 710 972 nullum
748 938 861 974 non
899 920 1150 974 acerbum
1188 921 1351 974 funus
1390 923 1491 990 est,
1532 919 1676 989 quod
1714 938 1906 989 parens

207 991 483 1061 sequitur?
557 996 683 1062 post
726 993 824 1047 has
869 995 1017 1065 leges
1055 996 1384 1064 propositas,
1423 995 1471 1048 si
1507 993 1704 1048 liberos
1743 994 1906 1063 tollis,

205 1065 352 1119 omni
405 1066 532 1121 deos
586 1067 788 1122 invidia
840 1069 1059 1137 liberas,
1113 1067 1205 1137 qui
1259 1069 1359 1122 tibi
1411 1069 1549 1122 nihil
1603 1067 1734 1123 certi
1787 1085 1906 1137 spo·

202 1139 562 1209 ponderunt.*

353 1228 551 1283 XVIII.
613 1230 706 1283 Ad
751 1231 891 1285 hanc
940 1229 1231 1301 imaginem
1281 1231 1510 1303 agedum
1559 1232 1726 1285 totius
1765 1229 1906 1283 vitae
1939 1249 1980 1283 ιε

204 1302 487 1355 introitum
531 1303 684 1357 refer.
762 1323 830 1357 an
877 1303 1166 1374 Syracusas
1212 1305 1410 1359 viseres
1454 1305 1769 1359 deliberanti
1806 1305 1907 1358 tibi

206 1376 463 1446 quicquid
494 1376 756 1431 delectare
786 1381 1020 1448 poterat,
1053 1379 1309 1448 quicquid
1341 1379 1628 1449 offendere,
1661 1379 1907 1450 exposui3

204 1454 338 1521 puta
373 1451 616 1504 nascenti
653 1470 740 1505 me
778 1452 878 1505 tibi
915 1451 1096 1505 venire
1134 1453 1192 1506 in
1230 1454 1536 1508 consilium:
1588 1454 1906 1508 ‘intraturus

207 1543 262 1579 es
315 1526 505 1580 urbem
563 1525 666 1595 dis,
727 1526 1038 1580 hominibus
1101 1544 1462 1597 communem,
1525 1527 1706 1581 omnia
1766 1545 1906 1581 com-

204 1601 440 1670 plexam,
503 1599 659 1655 certis
713 1600 925 1671 legibus
960 1595 1315 1672 =aeternisque
1377 1601 1700 1670 devinctam,
1761 1601 1907 1654 inde·
1937 1619 1981 1652 ιο

204 1674 432 1744 fatigata
470 1673 780 1728 caelestium
820 1674 1000 1728 officia
1037 1676 1358 1730 volventem.
1435 1675 1639 1728 videbis
1678 1674 1790 1728 illic
1828 1674 1906 1727 in-

204 1749 563 1802 numerabiles
611 1749 792 1816 stellas
838 1748 1059 1817 micare,
1103 1749 1309 1804 videbis
1354 1767 1463 1803 uno
1510 1749 1680 1802 sidere
1726 1748 1906 1801 omnia

205 1821 410 1891 inplere
464 1823 656 1892 solem,
709 1822 978 1877 cotidiano
1034 1840 1194 1876 cursu
1243 1825 1350 1878 diei
1401 1823 1682 1892 noctisque
1732 1821 1906 1891 spatia

206 1895 533 1967 signantem,
571 1916 749 1951 annuo
782 1900 1010 1951 aestates
1041 1896 1351 1969 hiemesque
1383 1897 1656 1967 aequalius
1689 1896 1904 1965 quidem

205 1969 545 2024 dividentem.
620 1971 826 2025 videbis
868 1974 1187 2025 nocturnam
1224 1973 1384 2027 lunae
1423 1970 1836 2039 successionem,
1873 1990 1906 2025 a
1936 1989 1979 2022 85

204 2044 453 2098 fraternis
479 2045 788 2099 occursibus
811 2047 932 2100 lene
954 2045 1345 2117 remissumque
1367 2048 1551 2100 lumen
1567 2047 1903 2098 mutuantem

352 2204 381 2249 2
412 2205 533 2249 muti
562 2206 760 2263 Madvig
789 2206 928 2251 multi
951 2207 998 2251 A
1028 2205 1045 2265 ΙΙ
1077 2205 1100 2250 7
1134 2205 1230 2250 sint
1251 2207 1303 2252 F
1328 2207 1391 2252 sit
1414 2207 1460 2252 A
1489 2206 1506 2265 ΙΙ
1535 2204 1564 2249 8
1594 2204 1797 2264 prestari
1819 2205 1866 2249 A
1888 2204 1905 2263 ΙΙ

204 2262 234 2306 9
264 2262 315 2306 in
343 2263 503 2321 ignem
527 2274 555 2308 ς
584 2264 747 2322 inigne
773 2266 820 2310 A
863 2266 867 2323 Ι
909 2265 1198 2323 inpositurus
1231 2265 1368 2312 Gertz
1399 2265 1653 2323 <positurus
1677 2263 1902 2320 Erasm.¹)

204 2321 468 2377 inpositura
490 2324 598 2369 AF
625 2325 725 2380 (cfr.
751 2325 878 2370 Rech
901 2326 990 2371 obs.
1015 2339 1157 2384 yram.
1180 2324 1308 2370 Dies.
1329 2326 1546 2382 Fribury.
1573 2326 1689 2368 1895
1713 2336 1764 2379 p.
1788 2324 1865 2380 29)
1889 2323 1905 2382 Η

204 2379 264 2424 10
296 2381 408 2424 anni
437 2396 471 2427 s.
497 2397 537 2428 v.
563 2383 670 2428 add.
702 2382 773 2427 ΑΒ
801 2383 817 2442 ΙΙ
848 2383 906 2428 15
936 2383 1011 2428 Ad
1041 2384 1154 2441 voly.
1180 2383 1289 2428 add.
1312 2390 1419 2430 ante
1448 2384 1572 2427 hanc
1601 2381 1858 2438 imaginem
1888 2416 1902 2437 ,

203 2444 311 2484 ante
340 2440 487 2485 totius
517 2442 644 2487 vitae
674 2456 798 2487 unus
821 2453 849 2486 ς
877 2442 894 2502 ΙΙ
923 2443 983 2488 16
1005 2442 1139 2487 refer.
1168 2455 1229 2486 an
1255 2443 1391 2489 Gertz
1421 2442 1627 2488 refertan
1650 2441 1696 2485 A
1724 2439 1741 2499 ΙΙ
1771 2440 1830 2486 19
1853 2454 1902 2485 es

205 2499 257 2543 F
295 2499 367 2542 est
400 2499 447 2544 A
488 2500 505 2559 ΙΙ
548 2501 608 2546 20
647 2501 865 2546 devincta
907 2502 1043 2549 Gertz
1080 2507 1124 2547 et
1161 2502 1358 2560 Madviy
1397 2503 1414 2562 ΙΙ
1458 2502 1515 2546 21
1554 2499 1824 2545 uoluentem
1856 2501 1908 2546 F

202 2557 441 2602 uolentem
479 2560 526 2604 A
570 2560 587 2620 ΙΙ
631 2559 690 2605 22
731 2560 928 2616 micare,
966 2560 1149 2606 videbis
1184 2561 1382 2607 Lao-isch
1422 2561 1585 2606 uidere
1622 2559 1821 2604 micabis
1855 2560 1902 2604 A

203 2617 367 2662 uidere
403 2617 661 2689 miraberis
683 2620 735 2665 F
768 2619 920 2666 sidere
957 2620 1204 2666 miraberis
1241 2634 1335 2666 uno
1374 2635 1415 2666 o.
1443 2621 1474 2664 i.
1508 2620 1677 2676 Haupt
1712 2620 1900 2688 micare,

205 2690 372 2782 3ἶῖιῖ
391 2678 1101 2794 gbrffpissffleriifflgciiiimwff}
1135 2715 1152 2798 ἰ
1179 2680 1280 2783 'diii
1311 2677 1900 2804 ffssffiailinfflffiffssiffii

205 2795 305 2840 alia
334 2811 391 2841 m.
423 2796 440 2856 Η
469 2795 530 2840 24
560 2796 805 2853 aequalius
837 2798 1028 2855 quidem
1061 2798 1198 2845 Gertz
1232 2798 1538 2855 equaliusque
1562 2798 1608 2843 A
1640 2794 1902 2853 aequahter

206 2854 257 2897 F
280 2855 393 2913 voly.
427 2855 616 2912 aequali
647 2869 733 2902 axe
765 2857 1030 2917 Petscheniq
