2034 3086
187 60 259 114 22
526 55 579 101 L.
602 55 839 100 ANNAEI
870 54 1144 132 SENECAE
1174 55 1332 102 DIAL.
1357 56 1470 102 LIB.
1494 56 1551 102 H.

187 197 311 233 cum
336 177 504 231 aciem
527 177 894 250 longinquitas
917 177 1086 248 fallat,
1109 177 1299 231 deinde
1321 179 1543 249 propius
1568 178 1887 233 adeuntibus

187 252 372 307 eadem
411 251 526 321 illa,
566 270 700 322 quae
738 252 796 304 in
834 271 1001 305 unum
1040 256 1380 324 congesserat
1418 273 1565 308 error
1595 254 1891 323 oculorum,

186 326 450 398 paulatim
504 326 907 398 adaperiuntur,
956 330 1074 380 tum
1127 326 1236 380 illis
1288 345 1422 396 quae
1467 327 1781 398 praecipitia
1825 346 1891 381 ex

187 402 470 455 intervallo
503 401 832 472 apparebant
869 401 1005 454 redit
1042 403 1162 456 lene
1200 401 1491 473 fastigium.
1556 421 1728 474 nuper
1767 421 1889 456 cum

187 475 462 530 incidisset
501 476 703 530 mentio
742 474 813 528 M.
846 473 1085 546 Catonis,
1134 476 1353 548 indigne
1391 476 1619 547 ferebas,
1657 477 1796 531 sicut
1835 494 1890 530 es
1946 496 1964 526 τ,

187 550 486 620 iniquitatis
536 548 845 620 impatiens,
895 551 1039 620 quod
1079 549 1336 604 Catonem
1383 553 1526 604 aetas
1572 570 1669 606 sua
1699 570 1890 622 parum

187 625 560 695 intellexisset,
599 623 744 694 quod
783 642 943 695 supra
973 624 1259 696 Pompeios
1299 628 1352 679 et
1393 623 1637 680 Caesares
1669 645 1893 699 surgen-

187 703 298 753 tem
347 701 488 754 infra
526 698 775 753 Vatinios
805 700 1117 770 posuisset,
1169 704 1222 754 et
1274 699 1375 754 tibi
1424 699 1704 771 indignum
1750 701 1892 755 vide·

188 775 369 845 batur,
419 773 566 844 quod
615 773 696 826 illi
745 773 1050 828 dissuasuro
1101 777 1277 847 legem
1325 779 1456 846 toga
1500 775 1559 827 in
1596 775 1715 829 foro
1755 779 1893 830 esset

189 853 369 920 erepta
420 848 671 919 quodque
710 868 742 902 a
778 849 965 902 rostris
1015 867 1184 919 usque
1238 850 1305 904 ad
1359 868 1543 904 arcum
1596 848 1892 903 Fabianum
1924 869 1967 900 ιο

187 943 284 994 per
322 923 604 979 seditiosae
642 923 890 978 factionis
930 941 1120 976 manus
1158 925 1385 979 traditus
1424 941 1582 979 voces
1621 923 1892 994 improbas

190 1003 244 1053 et
298 1001 459 1069 sputa
519 1001 570 1051 et
625 998 799 1052 omnis
866 998 997 1051 alias
1062 998 1278 1052 insanae
1342 998 1704 1053 multitudinis
1770 1017 1894 1052 con-

188 1072 438 1127 tumelias
477 1073 795 1142 pertulisset.

340 1159 406 1214 II.
447 1160 585 1215 Tum
625 1181 723 1235 ego
756 1161 1014 1233 respondi
1032 1161 1227 1215 habere
1257 1166 1333 1233 te,
1372 1165 1517 1233 quod
1541 1163 1619 1217 rei
1649 1161 1894 1232 publicae

189 1235 408 1290 nomine
432 1239 745 1308 movereris,
784 1256 945 1308 quam
978 1237 1106 1290 hinc
1130 1235 1187 1289 P.
1213 1235 1454 1308 Clodius,
1490 1237 1619 1292 hinc
1643 1236 1893 1291 Vatinius
1927 1255 1968 1287 15

191 1329 255 1364 ac
307 1311 572 1381 pessimus
627 1313 852 1383 quisque
894 1310 1235 1365 venundabat
1288 1316 1339 1365 et
1394 1331 1550 1367 caeca
1603 1312 1895 1383 cupiditate

192 1386 427 1455 correpti
475 1404 587 1439 non
635 1387 1016 1458 intellegebant
1067 1403 1122 1439 se
1161 1386 1289 1438 dum
1327 1388 1565 1441 vendunt
1603 1390 1656 1441 et
1694 1387 1899 1457 venire3

190 1479 289 1530 pro
330 1461 448 1530 ipso
490 1459 703 1530 quidem
738 1461 938 1515 Catone
957 1478 1216 1515 ¹securum
1253 1463 1308 1514 te
1346 1479 1459 1514 esse
1498 1461 1650 1516 iussi:
1689 1463 1895 1516 nullam

191 1535 335 1589 enim
374 1535 668 1605 sapientem
706 1555 805 1591 nec
842 1535 1093 1588 iniuriam
1125 1534 1363 1606 accipere
1393 1554 1491 1590 nec
1514 1537 1894 1590 contumeliam

192 1627 374 1680 posse,
426 1609 681 1663 Catonem
728 1615 908 1664 autem
956 1610 1150 1663 certius
1190 1610 1462 1680 exemplar
1500 1611 1753 1679 sapientis
1792 1611 1895 1663 viri
1926 1629 1970 1660 20

191 1683 349 1737 nobis
378 1684 504 1737 deos
537 1684 853 1740 immortalis
886 1683 1091 1738 dedisse
1123 1704 1285 1755 quam
1309 1684 1507 1740 Ulixen
1531 1688 1584 1738 et
1606 1683 1894 1738 Herculem

193 1758 462 1829 prioribus
517 1761 755 1814 saeculis.
831 1758 932 1812 hos
986 1760 1128 1813 enim
1184 1759 1352 1815 Stoici
1404 1759 1577 1814 nostri
1630 1759 1894 1829 sapientes

192 1833 698 1904 pronuntiaverunt,
756 1833 986 1888 invictos
1053 1835 1326 1888 laboribus
1387 1838 1440 1888 et
1500 1837 1894 1904 contemptores

192 1908 488 1978 voluptatis
550 1911 603 1961 et
654 1910 882 1963 victores
939 1909 1179 1962 omnium
1231 1913 1512 1962 terrorum.
1600 1908 1731 1962 Cato
1785 1928 1896 1962 non

195 2001 318 2036 cum
372 1982 498 2036 feris
553 2001 741 2037 manus
786 1983 1049 2052 contulit,
1103 2000 1235 2052 quas
1286 1982 1581 2037 consectari
1627 1984 1894 2036 venatoris
1927 2000 1969 2033 25

195 2058 528 2129 agrestisque
578 2061 679 2128 est,
726 2077 826 2112 nec
873 2061 1114 2111 monstra
1144 2057 1266 2128 igne
1306 2076 1368 2111 ac
1405 2058 1546 2110 ferro
1585 2061 1894 2127 persecutus

196 2135 277 2184 est
336 2151 433 2187 nec
488 2132 546 2183 in
600 2151 661 2184 ea
719 2136 964 2202 tempora
1019 2131 1207 2185 incidit
1263 2132 1457 2201 quibus
1515 2132 1658 2185 credi
1714 2135 1897 2201 posset

196 2207 403 2259 caelum
443 2205 640 2258 umeris
671 2207 828 2260 unius
862 2205 1041 2274 inniti3
1081 2224 1301 2260 excussa
1331 2206 1437 2259 iam
1470 2207 1691 2275 antiqua
1714 2205 1896 2258 credu-

195 2280 347 2333 litate
386 2285 438 2334 et
478 2281 688 2334 saeculo
729 2281 796 2334 ad
835 2298 1100 2334 summam
1138 2281 1394 2351 perducto
1439 2280 1732 2334 sollertiam
1772 2297 1894 2332 cum

198 2355 403 2407 ambitu
442 2372 781 2425 congressus,
820 2354 1139 2409 multiformi
1176 2356 1318 2409 malo
1325 2396 1342 2424 ,
1380 2358 1434 2407 et
1472 2371 1595 2407 cum
1625 2354 1894 2422 potentiae
1926 2372 1970 2404 30

348 2515 379 2560 4
407 2518 524 2563 Inde
554 2533 585 2562 a
615 2531 718 2561 voce
755 2531 905 2574 nuper
941 2529 1108 2560 novum
1145 2522 1285 2573 caput
1326 2516 1426 2571 (ΙΙ)
1467 2515 1671 2561 instituit
1705 2515 1844 2561 Gertz

199 2575 256 2620 11
296 2577 478 2620 tractus
518 2578 701 2622 Erasm.
738 2578 803 2622 ed.
840 2579 871 2621 2
909 2580 952 2620 et
988 2576 1100 2633 volq.
1137 2582 1244 2621 ante
1281 2574 1412 2621 Fick.
1453 2574 1554 2629 (cfr.
1587 2589 1653 2632 ep.
1689 2570 1850 2630 14,13)

199 2635 260 2679 16
280 2635 618 2682 venundabant
642 2636 778 2681 Gertz
799 2636 815 2696 Η
842 2634 901 2680 18
925 2635 1127 2690 catones]
1145 2643 1210 2687 (m
1233 2638 1366 2685 eras.)
1390 2634 1436 2679 A
1463 2633 1470 2693 Ι
1497 2633 1676 2679 nullam
1699 2633 1897 2691 Bentley

200 2694 380 2740 nullum
413 2696 461 2741 A
502 2695 519 2755 ΙΙ
560 2695 620 2740 24
659 2695 918 2753 uoluptatis
961 2695 1010 2738 et
1049 2695 1254 2740 uictores
1295 2694 1349 2738 i‘n
1388 2707 1479 2738 ras.
1504 2694 1574 2739 A⁸
1614 2695 1621 2754 Ι
1666 2695 1896 2738 terrorum

201 2754 395 2810 Lipsius
424 2757 657 2799 terrarum
680 2755 726 2800 A
763 2755 780 2814 ΙΙ
816 2754 876 2799 25
905 2754 1143 2798 uenatoris
1174 2755 1227 2799 in
1257 2766 1398 2809 mary.
1424 2752 1494 2798 A⁶
1531 2758 1574 2798 et
1610 2753 1725 2809 voly.
1751 2764 1895 2796 uena-

200 2812 294 2856 tori
317 2814 386 2859 A¹
416 2816 466 2872 (n
495 2816 548 2859 in
577 2815 688 2871 ras.)
718 2812 965 2859 uenatoria
989 2812 1125 2871 A²(?)
1161 2813 1179 2873 Η
1219 2811 1279 2857 29
1310 2810 1519 2857 sollertia
1541 2812 1589 2857 A
1618 2811 1698 2856 sed
1727 2811 1895 2856 lineola

194 2877 356 2928 postea
386 2888 518 2920 erasa
550 2879 615 2919 est
