2028 3106
142 73 227 118 AD
252 71 536 118 HELVIAM
558 73 823 119 MATREM
845 74 928 119 DE
952 71 1416 120 CONSOLATIONE
1441 72 1567 119 CAP.
1589 78 1642 118 13
1711 73 1820 129 359

120 195 334 249 conlato
379 194 656 248 funeratus
703 199 797 249 est.
874 194 1078 249 Atilius
1124 193 1392 266 ReguluS,
1445 212 1567 249 cum
1613 195 1822 248 Poenos

119 270 177 322 in
213 268 400 322 Africa
435 269 707 338 funderet,
751 270 819 324 ad
858 273 1103 324 senatum
1145 270 1362 339 scripsit
1401 271 1823 324 mercennarium

118 361 275 396 suum
330 342 637 398 discessisse
690 348 745 398 et
794 345 860 399 ab
912 363 975 399 eo
1026 345 1295 399 desertum
1346 362 1460 398 esse
1511 363 1625 415 rus,
1680 344 1824 414 quod

118 418 327 471 senatui
376 418 593 486 publice
632 421 829 489 curari,
874 419 1003 474 dum
1042 420 1252 473 abesset
1289 417 1530 489 Regulus
1538 461 1553 488 ‚
1600 420 1825 490 placuit:

68 512 87 544 5
117 493 291 545 fuitne
358 493 498 546 tanti
566 511 780 547 servum
839 513 952 548 non
1011 494 1231 561 habere,
1300 496 1363 555 ut
1423 495 1647 548 colonus
1710 495 1824 548 eius

116 566 351 637 populus
402 565 678 622 Romanus
734 569 909 622 esset?
985 566 1254 638 Scipionis
1309 567 1453 621 filiae
1504 587 1570 621 ex
1620 569 1824 622 aerario
1858 580 1883 621 6

118 641 299 695 dotem
353 646 696 713 acceperunt,
758 644 886 713 quia
937 642 1077 696 nihil
1128 641 1238 695 illis
1299 642 1592 710 reliquerat
1651 646 1826 712 pater:

117 734 348 785 aequum
392 717 569 787 <me>
614 718 859 772 hercules
910 720 1025 770 erat
1068 716 1333 786 populum
1381 714 1686 770 Romanum
1732 718 1826 770 tri-

114 791 306 844 butum
369 789 613 862 Scipioni
674 792 840 846 semel
900 791 1166 860 conferre,
1226 807 1351 844 cum
1414 809 1446 843 a
1500 789 1824 862 Carthagine

42 885 86 918 10
116 884 325 935 semper
385 868 636 938 exigeret.
714 885 746 920 o
807 866 989 920 felices
1043 866 1187 919 viros
1241 864 1568 935 pueHarum,
1630 866 1825 935 quibus

114 941 350 1011 populus
397 939 674 994 Romanus
718 941 841 995 loco
888 941 1060 995 soceri
1103 939 1231 994 fuit!
1307 939 1642 994 beatioresne
1691 941 1825 994 istos

113 1018 298 1086 putas,
348 1034 579 1085 quorum
628 1016 992 1086 pantomimae
1042 1014 1256 1070 deciens
1305 1016 1552 1069 sestertio
1598 1015 1826 1084 nubunt,

115 1109 278 1160 quam
310 1087 643 1160 Scipionem,
682 1091 834 1144 cuius
871 1090 1030 1144 liberi
1069 1109 1101 1144 a
1138 1093 1349 1160 senatu,
1387 1093 1568 1144 tutore
1606 1108 1731 1160 su0‚
1769 1090 1827 1143 in

114 1166 295 1219 dotem
346 1184 434 1219 aes
480 1184 643 1238 grave
682 1164 1040 1236 acceperunt?
1103 1165 1426 1238 dedignatur
1464 1166 1659 1235 aliquis
1698 1184 1826 1235 pau·
1859 1177 1882 1216 7

41 1258 83 1292 ιε
115 1244 403 1311 pertatem,
440 1242 593 1295 cuius
632 1244 745 1295 tam
776 1242 949 1296 clarae
980 1241 1242 1313 imagines
1274 1240 1437 1295 sunt?
1513 1241 1827 1312 indignatur

114 1317 269 1370 exsul
317 1316 524 1386 aliquid
570 1316 674 1370 sibi
721 1316 927 1386 deesse,
975 1334 1099 1370 cum
1144 1315 1375 1371 defuerit
1422 1314 1666 1385 Scipioni
1714 1316 1828 1384 dos,

114 1390 325 1463 Regulo
380 1392 801 1460 mercennarius,
854 1390 1103 1445 Menenio
1157 1391 1345 1459 funus,
1399 1408 1522 1444 cum
1577 1391 1826 1443 omnibus

113 1465 222 1519 illis
270 1466 415 1535 quod
467 1466 649 1520 deerat
693 1466 813 1520 ideo
860 1465 1139 1519 honestius
1186 1466 1496 1535 suppletum
1551 1464 1645 1532 sit,
1700 1463 1828 1533 quia

114 1539 392 1593 defuerat?
467 1540 551 1593 his
614 1558 742 1611 ergo
798 1539 1072 1594 advocatis
1125 1557 1237 1592 non
1289 1541 1501 1591 tantum
1557 1541 1676 1591 tuta
1729 1541 1828 1607 est,

38 1630 83 1663 το
113 1613 206 1667 sed
245 1613 408 1666 etiam
446 1614 684 1683 gratiosa
721 1616 1023 1682 paupertas.

260 1684 405 1739 XIIL
469 1685 803 1756 Responderi
840 1689 1041 1756 potest:
1084 1685 1240 1755 ‘quid
1278 1685 1567 1740 artificiose
1606 1685 1711 1740 ista
1750 1686 1827 1740 di-
1860 1702 1883 1742 1

112 1761 288 1830 ducis,
348 1779 486 1829 quae
547 1761 760 1831 singula
822 1760 1074 1814 sustineri
1134 1763 1389 1830 possunt,
1449 1761 1664 1815 conlata
1714 1781 1828 1816 non

111 1834 377 1906 possunt?
451 1834 803 1887 commutatio
854 1833 963 1888 loci
1012 1834 1310 1889 tolerabilis
1362 1839 1465 1906 est,
1517 1837 1564 1890 si
1614 1839 1826 1891 tantum

110 1910 291 1964 locum
341 1911 540 1978 mutes3
593 1911 880 1978 paupertas
931 1909 1229 1964 tolerabilis
1275 1914 1378 1982 est,
1438 1913 1484 1966 si
1528 1911 1827 1984 ignominia

38 2001 82 2034 τε
112 1984 275 2053 absit,
313 2001 449 2053 quae
489 1984 576 2037 vel
614 1983 731 2037 sola
762 1983 1066 2053 opprimere
1097 1985 1305 2041 animos
1338 1986 1511 2041 solet.’
1572 1987 1825 2041 adversus
1858 2000 1884 2040 2

111 2058 279 2127 hunc,
325 2058 570 2127 quisquis
611 2077 695 2111 me
734 2058 1000 2113 malorum
1038 2061 1199 2115 turba
1235 2062 1481 2132 terrebit,
1524 2061 1611 2115 his
1650 2061 1825 2115 verbis

112 2131 372 2187 utendum
418 2133 542 2186 erit:
588 2134 635 2186 si
681 2136 870 2187 contra
915 2153 1080 2188 unam
1128 2137 1427 2206 quamlibet
1472 2139 1681 2205 partem
1719 2135 1827 2189 for-

114 2213 275 2262 tunae
314 2206 444 2261 satis
483 2207 583 2260 tibi
621 2208 831 2262 roboris
872 2212 975 2279 est,
1014 2209 1157 2264 idem
1196 2211 1449 2265 adversus
1491 2210 1666 2263 omnis
1707 2211 1826 2265 erit.

114 2301 236 2338 cum
275 2282 440 2336 semel
478 2282 718 2337 animum
757 2282 929 2337 virtus
968 2284 1266 2354 induravit,
1310 2285 1547 2354 undique
1586 2284 1827 2340 involne-

39 2376 84 2409 ω
114 2358 335 2412 rabilem
383 2360 632 2427 praestat.
711 2358 757 2412 si
804 2358 1029 2414 avaritia
1075 2359 1300 2429 dimisit,
1356 2358 1828 2414 vehementissima

114 2433 323 2506 generis
362 2431 585 2485 humani
623 2434 814 2503 pestis,
852 2453 1059 2489 moram
1099 2435 1200 2489 tibi
1239 2433 1461 2488 ambitio
1500 2452 1613 2488 non
1643 2434 1827 2504 faciet3

265 2594 291 2640 1
333 2593 538 2653 ativlius
569 2594 615 2638 A
654 2594 805 2653 (ativl
837 2595 907 2641 A³
937 2598 989 2641 in
1019 2598 1131 2654 ras.)
1161 2597 1178 2655 ΙΙ
1209 2595 1238 2641 4
1267 2593 1458 2652 puplice
1491 2594 1536 2639 A
1567 2594 1583 2652 ΙΙ
1613 2593 1642 2638 5
1674 2592 1825 2640 fuitne

115 2656 182 2702 ed.
216 2657 433 2703 Curionis
474 2653 567 2697 fuit
605 2668 664 2699 ne
695 2655 741 2700 A
782 2657 858 2711 (ne
890 2670 947 2700 m.
971 2659 1003 2700 2
1033 2658 1086 2701 in
1117 2656 1278 2712 litura)
1320 2655 1337 2715 ΙΙ
1377 2654 1408 2698 8
1446 2653 1668 2711 exiet-ario
1704 2654 1750 2699 A
1786 2656 1827 2712 (e

114 2717 253 2762 initio
281 2729 437 2762 versus
466 2713 574 2758 add.
598 2713 705 2768 fort.
731 2729 788 2759 m.
811 2718 860 2771 2)
890 2716 907 2774 l!
936 2714 966 2760 8
990 2728 1194 2773 aequum
1218 2711 1484 2760 mehercule
1507 2722 1536 2757 s
1567 2715 1691 2782 equfi
1722 2712 1827 2760 her·

116 2774 243 2821 cules
267 2777 313 2822 A
344 2776 360 2834 ΙΙ
391 2773 448 2820 12
479 2773 800 2831 pantomimae
832 2778 882 2832 (n
912 2788 948 2820 s.
972 2789 1013 2820 v.
1038 2775 1146 2820 add.
1171 2789 1229 2820 m.
1254 2778 1302 2832 2)
1325 2774 1372 2820 A
1421 2772 1427 2833 Ι
1464 2771 1523 2817 18
1554 2771 1693 2818 liberi
1722 2786 1758 2819 s.
1783 2789 1824 2821 v.

115 2836 222 2881 add.
257 2841 311 2882 ut
350 2835 442 2882 vid.
479 2832 547 2879 A¹
588 2833 605 2889 ΙΙ
650 2832 709 2878 15
747 2832 886 2878 clarae
924 2833 995 2879 A’
1032 2834 1161 2879 clara
1193 2834 1263 2880 A¹
1303 2834 1321 2893 ΙΙ
1364 2832 1394 2878 2
1468 2830 1603 2877 abest
1644 2832 1782 2879 Gertz
1811 2835 1828 2893 ΙΙ

113 2893 174 2939 80
200 2901 306 2952 poet
337 2894 537 2939 avaritia
571 2894 708 2938 Gertz
739 2894 846 2939 add.
876 2895 923 2938 te
