2034 3086
56 858 99 892 10

53 1230 96 1263 15

349 49 434 94 AD
466 46 752 93 MARGIAM
782 45 865 91 DE
897 44 1362 92 CONSOLATIONE
1395 44 1522 91 CAP.
1550 51 1605 91 13
1732 49 1836 104 169

280 168 425 224 XIII.
485 169 573 224 Ne
616 168 779 222 nimis
827 167 1120 222 admiretur
1158 165 1380 222 Graecia
1421 167 1576 221 illum
1614 174 1836 239 patrem,

132 245 225 315 qui
286 246 345 298 in
404 245 524 315 ipso
579 243 843 297 sacrificio
897 243 1147 296 nuntiata
1199 241 1279 295 fili
1332 244 1505 296 morte
1557 242 1836 297 tibicinem

130 322 342 373 tantum
394 318 643 387 (iussit)
697 320 873 371 tacere
935 320 989 371 et
1048 334 1304 370 coronam
1366 316 1531 386 capiti
1592 315 1837 386 detraxit,

131 396 308 448 cetera
367 393 470 446 rite
529 391 779 462 perfecit,
848 390 1115 445 Pulvillus
1178 390 1355 444 effecit
1414 390 1660 460 pontifex
1666 433 1680 460 ,
1750 392 1837 445 cui

130 470 343 538 postem
404 466 611 520 tenenti
671 469 726 519 et
787 464 1117 536 Capitolium
1187 464 1456 518 dedicanti
1528 483 1672 519 mors
1735 465 1836 518 filii

128 542 377 595 nuntiata
415 543 510 594 est.
588 557 751 609 quam
787 540 881 593 ille
920 538 1198 593 exaudisse
1239 537 1601 593 dissimulavit
1640 542 1695 593 et
1733 539 1837 593 sol-

127 615 329 669 lemnia
377 613 645 685 pontificii
695 614 946 668 carminis
992 613 1156 666 verba
1195 613 1444 683 concepit
1482 614 1689 684 gemitu
1726 632 1837 667 non

129 690 552 759 interrumpente
598 689 962 759 precationem
1009 690 1064 740 et
1105 687 1173 740 ad
1211 686 1314 740 filii
1353 687 1437 740 sui
1473 706 1674 741 nomen
1710 686 1836 742 Iove

129 768 365 908 3332?
365 766 779 908 ‘31311221'3‘3332
815 781 931 891 ἓξὲξ
971 761 1838 908 Jssffi'iuffffffiffmfi‘zzmaffifffi

126 914 228 968 bus
251 913 484 984 publicis
509 916 564 966 et
586 913 764 967 fausta
789 913 1190 983 nuncupatione
1212 930 1325 965 non
1348 911 1573 965 abduxit
1595 912 1840 983 patrem?

128 987 324 1060 dignus
355 1006 442 1042 me
471 988 715 1042 hercules
746 987 851 1041 fuit
882 986 1219 1041 memorabili
1251 986 1606 1056 dedicatione,
1642 986 1836 1058 dignus

127 1061 817 1190 ampilgissimodsaceridaogio,
848 1062 945 1189 (1ηὲ
974 1062 1148 1188 0013ξῖ
1180 1061 1308 1188 dieos
1335 1080 1403 1115 ne
1427 1060 1839 1189 irazos·quilde133⁴²

163 1155 218 1190 es
440 1155 457 1189 1
495 1155 581 1190 em
755 1155 822 1190 en
882 1155 919 1189 u
997 1154 1053 1189 re
1225 1153 1408 1189 omum
1486 1154 1514 1189 e
1592 1155 1665 1189 im
1729 1155 1813 1189 ενι

127 1211 312 1265 oculos
351 1214 406 1264 et
443 1210 651 1281 aliquas
690 1228 848 1265 voces
888 1210 1091 1263 flebiles
1130 1206 1279 1263 misit
1316 1213 1370 1264 et
1407 1178 1638 1280 peractis
1646 1155 1836 1280 ,pquae

126 1303 243 1339 mos
297 1288 412 1339 erat
464 1287 734 1355 praestare
788 1284 1078 1354 defunctis,
1137 1284 1207 1338 ad
1263 1282 1628 1354 Capitolinum
1682 1285 1837 1338 illum

124 1359 267 1414 redit
314 1359 539 1413 vultum.
616 1357 816 1413 Paulus
864 1359 1006 1413 circa
1050 1359 1173 1413 illos
1210 1358 1535 1413 nobilissimi
1573 1359 1837 1429 triumphi

127 1434 264 1503 dies,
317 1451 424 1504 quo
479 1434 722 1488 vinctum
774 1437 898 1487 ante
953 1452 1168 1488 currum
1222 1433 1334 1505 egit
1386 1431 1607 1502 Persen,
1663 1433 1837 1487 incliti

124 1508 267 1581 regis
319 1526 542 1579 nomen,
594 1507 729 1563 duos
783 1508 926 1562 filios
976 1507 1033 1562 in
1087 1508 1431 1578 adoptionem
1486 1507 1655 1578 dedit,
1706 1508 1837 1563 duos

127 1600 263 1653 quos
317 1583 421 1637 sibi
475 1586 779 1637 servaverat
831 1583 1044 1644 extulit.
1134 1582 1318 1653 quales
1370 1584 1608 1636 retentos
1662 1585 1838 1653 putas,

126 1675 249 1711 cum
287 1657 429 1711 inter
465 1657 835 1712 commodatos
869 1656 1053 1728 Scipio
1093 1656 1320 1711 fuisset?
1380 1675 1491 1711 non
1530 1657 1644 1711 sine
1683 1660 1836 1711 motu

125 1749 355 1786 vacuum
394 1730 550 1786 Pauli
588 1750 804 1787 currum
844 1733 1079 1803 populus
1110 1730 1386 1786 Romanus
1426 1732 1649 1802 aspexit.
1712 1749 1838 1786 con-

126 1805 363 1860 tionatus
413 1809 496 1861 est
542 1809 725 1861 tamen
774 1809 830 1861 et
879 1807 992 1878 egit
1037 1806 1118 1860 dis
1165 1806 1389 1879 gratias,
1427 1806 1573 1877 quod
1612 1824 1835 1877 compos

125 1880 241 1935 voti
290 1880 464 1935 factus
514 1884 676 1936 esset:
737 1884 1014 1952 precatum
1064 1881 1206 1936 enim
1257 1900 1336 1952 se,
1380 1884 1465 1952 ut,
1511 1881 1557 1935 si
1597 1881 1726 1951 quid
1766 1881 1835 1935 ob

126 1954 400 2028 ingentem
461 1956 743 2011 victoriam
805 1955 1038 2010 invidiae
1100 1955 1335 2010 dandum
1397 1959 1559 2025 esset,
1619 1955 1676 2009 id
1737 1974 1833 2011 suo

127 2030 308 2101 potius
360 2049 522 2101 quam
571 2031 789 2102 publico
842 2030 1037 2085 damno
1088 2031 1396 2086 solveretur.
1473 2030 1623 2085 vides
1674 2049 1833 2102 quam

276 2206 306 2252 2
337 2206 581 2253 tibicinem
613 2209 770 2253 tacere
795 2210 844 2252 et
866 2207 935 2253 A¹
958 2208 1038 2254 sed
1067 2209 1254 2253 tantum
1285 2222 1320 2253 e.
1346 2222 1386 2253 v.
1412 2207 1519 2252 add.
1545 2213 1652 2253 ante
1674 2209 1832 2252 tacere

127 2265 197 2311 A’
216 2279 332 2312 corr.
353 2266 487 2312 Gertz
508 2266 754 2311 tibicinem
779 2268 965 2312 tantum
989 2268 1148 2313 tacere
1171 2266 1310 2311 iussit
1332 2277 1362 2312 ς’
1390 2272 1445 2312 ut
1465 2267 1580 2325 volq.
1604 2266 1622 2327 Η
1643 2265 1674 2311 6
1697 2266 1831 2311 dissi-

127 2323 330 2371 mulauit
352 2337 382 2371 s
412 2325 710 2371 dissimulare
733 2327 779 2372 A
813 2326 1115 2371 dissimulans
1142 2326 1244 2385 (del.
1270 2327 1334 2383 et)
1362 2326 1499 2372 Gertz
1520 2326 1538 2386 ΙΙ
1570 2326 1594 2372 7
1619 2325 1833 2383 pontifici

127 2385 370 2430 acsi-mins
398 2385 543 2431 verba
565 2385 649 2442 A¹,
680 2387 856 2431 litterae
878 2386 1043 2432 deinde
1068 2391 1185 2433 recte
1206 2385 1368 2432 divisit
1389 2385 1473 2442 A',
1500 2390 1598 2431 twm
1622 2385 1834 2430 carmina

125 2445 180 2489 in
210 2445 407 2490 carmini
437 2447 633 2491 mutavit
654 2444 725 2492 A⁸
747 2459 861 2491 cor-r.
889 2446 1086 2504 Madviy
1114 2445 1132 2505 ΙΙ
1160 2444 1191 2490 9
1220 2446 1423 2503 putasne
1447 2445 1641 2503 Lipsius
1703 2446 1834 2490 utas-

126 2516 200 2548 ses
231 2504 458 2561 (ultimam
489 2519 511 2549 s
542 2505 649 2550 add.
674 2519 796 2550 man.
821 2506 1058 2563 recentior)
1099 2505 1106 2563 Ι
1158 2504 1218 2550 10
1256 2504 1357 2550 dies
1398 2506 1470 2561 est
1503 2505 1550 2550 A
1590 2503 1614 2608 l}
1649 2503 1674 2549 1
1747 2504 1833 2549 ali-

127 2575 245 2619 quas
268 2563 315 2608 A
346 2562 584 2633 obligatas
615 2565 731 2610 coni.
756 2564 984 2610 Schultess
1024 2565 1030 2622 Ι
1074 2577 1100 2609 e
1152 2564 1360 2634 peractis
1384 2565 1430 2611 A
1462 2565 1511 2609 et
1540 2563 1595 2608 de
1613 2564 1681 2609 eri
1709 2564 1833 2610 iubet

0 2589 1 2597 ἵ
86 2672 99 2685 ,
126 2636 165 2667 v.
190 2621 236 2667 d.
263 2622 407 2678 Vliet,
446 2638 498 2669 m
536 2624 610 2669 set
645 2629 793 2670 mutat
824 2622 971 2669 Gertt
1013 2623 1022 2694 Ι
1061 2622 1120 2669 18
1157 2622 1311 2670 moliti
1351 2623 1476 2682 regis
1515 2636 1686 2668 nomen
1716 2623 1831 2678 AF,

127 2694 243 2739 quae
282 2682 440 2752 ver‘ba‘
460 2683 520 2729 ab
561 2682 772 2729 omnibus
810 2683 906 2739 sere
1002 2683 1198 2730 simibus
1238 2684 1379 2730 eiecta
1421 2683 1587 2741 optime
1627 2682 1833 2739 defendit

127 2740 518 2846 menmd.
550 2743 646 2848 lact.
679 2742 834 2847 Beegol.
867 2746 983 2789 1878
1016 2746 1194 2848 [λήθεις.
1238 2742 1255 2803 ΙΙ
1296 2742 1512 2848 Ῑξὸᾶυρι
1552 2742 1695 2813 αμα-ο
1734 2742 1830 2788 loco

127 2859 240 2917 τοις.
271 2859 320 2905 ui
322 2802 518 2907 {22:111ss
648 2815 720 2847 ess
803 2816 917 2849 corr.
944 2816 1001 2848 ex
1031 2816 1056 2849 e
1187 2804 1234 2849 A
1270 2803 1288 2863 ΙΙ
1423 2803 1672 2848 uictoriam
1703 2802 1755 2848 F
1778 2806 1830 2846 ut

1871 182 1894 223 1

1869 777 1895 816 2

1868 1372 1895 1412 3
