2028 3106
59 917 103 950 10

1830 14 1834 52 ε
1866 19 1873 52 ι
1994 39 2005 71 J.

135 94 219 139 AD
245 92 539 140 samm
560 92 643 137 DE
667 91 1205 147 TRANQwLmATn
1227 92 1408 138 ANIMI
1433 92 1557 138 CAP.
1577 99 1617 140 6.
1637 99 1661 140 -ι
1720 59 1883 150 25γῖῘ
1976 128 1978 132 ,

133 233 276 269 nova
313 213 595 285 occupatio
626 213 1015 284 multiplexque
1043 217 1313 282 nascetur,
1348 231 1448 266 nec
1478 214 1832 269 accedendum
1861 202 1877 255 ³³-

135 308 222 359 eo,
260 290 401 343 unde
436 289 576 343 liber
612 305 884 359 regressus
915 307 1027 343 non
1056 289 1149 358 sit3
1186 288 1253 341 iis
1282 287 1614 343 admovenda
1643 307 1831 347 manus

134 369 238 432 est,
278 381 508 433 quorum
546 361 710 415 finem
748 366 842 415 aut
880 364 1052 417 facere
1091 366 1187 417 aut
1223 366 1365 416 certe
1400 381 1612 432 sperare
1643 361 1834 434 possis,

132 437 507 507 relinquenda,
558 454 695 505 quae
740 437 902 491 latius
949 442 1073 492 actu
1109 436 1408 508 procedunt
1443 455 1543 492 nec
1580 438 1676 492 ubi
1712 455 1833 509 pro-

133 512 377 582 posueris
416 512 679 566 desinunt.

282 599 402 655 VIL
466 599 765 655 Hominum
811 601 999 669 utique
1038 601 1262 656 dilectus
1300 599 1576 655 habendus
1616 604 1719 655 estz
1764 619 1834 656 an
1866 616 1889 656 1

134 675 285 747 digni
339 677 448 730 sint
502 675 696 745 quibus
751 679 957 744 partem
1011 676 1154 730 vitae
1205 677 1420 729 nostrae
1465 675 1834 746 inpendemus,

133 768 202 803 an
248 750 317 804 ad
361 751 485 804 illos
523 749 782 819 temporis
820 750 993 803 nostri
1029 750 1236 805 iactura
1270 749 1568 820 perveniat3
1616 749 1832 820 quidam

132 824 275 878 enim
312 825 455 879 ultro
495 823 676 878 officia
712 824 868 878 nobis
907 827 1092 878 nostra
1127 825 1394 895 inputant.
1453 823 1832 879 Athenodorus
1863 839 1889 878 2

132 899 209 951 ait
253 918 322 953 ne
368 899 436 952 ad
482 916 669 952 cenam
708 897 925 967 quidem
965 918 1020 952 se
1058 900 1258 952 iturum
1298 899 1366 952 ad
1404 918 1552 967 eum,
1600 899 1694 969 qui
1732 899 1835 953 sibi

131 972 213 1025 nil
249 991 350 1043 pro
388 973 493 1027 hoc
531 972 806 1026 debiturus
848 973 940 1026 sit:
979 977 1114 1042 puto
1153 973 1420 1044 intellegis
1452 974 1623 1026 multo
1656 974 1833 1027 minus

132 1046 200 1100 ad
237 1066 330 1101 eos
369 1048 593 1115 iturum,
633 1046 727 1116 qui
766 1064 888 1100 cum
920 1047 1214 1101 amicorum
1246 1047 1438 1101 officiis
1470 1048 1621 1116 paria
1652 1065 1835 1101 mensa

131 1120 361 1189 faciunt,
401 1122 495 1191 qui
531 1121 756 1175 fericula
794 1139 892 1190 pro
934 1121 1200 1192 congiaris
1237 1125 1542 1190 numerant,
1586 1122 1740 1191 quasi
1776 1122 1835 1175 in

132 1195 367 1249 alienum
404 1196 666 1250 honorem
705 1196 1122 1264 intemperantes
1162 1195 1292 1249 sint:
1334 1196 1486 1250 deme
1525 1196 1632 1249 illis
1672 1198 1833 1250 testes

133 1273 588 1339 spectatoresque,
641 1287 754 1322 non
806 1269 1094 1323 delectabit
1146 1269 1348 1340 popina
1394 1274 1611 1324 secreta.
1671 1271 1836 1327 *con-

133 1343 473 1397 siderandum
526 1346 628 1413 est,
682 1346 864 1397 utrum
918 1348 1110 1397 natura
1162 1348 1257 1398 tua
1301 1344 1521 1415 agendis
1567 1345 1726 1398 rebus
1765 1363 1835 1398 an

132 1418 308 1471 otioso
363 1418 543 1472 studio
598 1418 1148 1487 contemplationique
1194 1419 1372 1488 aptior
1416 1419 1508 1487 sit,
1563 1422 1616 1471 et
1654 1437 1717 1472 eo
1756 1418 1835 1472 in·

131 1492 457 1561 elinandum,
479 1511 587 1562 quo
611 1496 665 1546 te
692 1493 771 1546 vis
795 1493 997 1563 ingenii
1022 1493 1155 1546 feret
1178 1524 1252 1531 —-
1267 1492 1527 1548 Isocrates
1552 1492 1834 1562 Ephorum

130 1565 327 1620 iniecta
379 1586 542 1621 manu
594 1587 627 1621 a
678 1567 797 1621 foro
850 1568 1104 1620 subduxit
1142 1567 1410 1621 utiliorem
1451 1567 1833 1637 componendis

131 1643 493 1696 monumentis
519 1641 864 1695 historiarum
889 1647 1034 1695 ratus
1059 1661 1155 1710 —-;
1183 1643 1321 1695 male
1345 1643 1487 1695 enim
1510 1642 1836 1711 respondent

131 1720 318 1770 coacta
370 1716 607 1787 ingenia,
661 1717 956 1770 reluctante
1010 1720 1202 1769 natura
1253 1717 1445 1770 inritus
1498 1715 1653 1769 labor
1706 1713 1834 1770 est*

130 1790 268 1843 nihil
306 1795 488 1844 tamen
526 1810 693 1861 aeque
726 1791 1073 1844 oblectaverit
1104 1791 1367 1861 animum,
1406 1809 1566 1860 quam
1599 1790 1835 1844 amicitia
1864 1805 1891 1844 3

131 1864 304 1918 fidelis
343 1869 398 1919 et
436 1866 620 1919 dulcis.
700 1870 959 1935 quantum
1000 1867 1201 1919 bonum
1240 1870 1343 1935 est,
1388 1866 1481 1919 ubi
1520 1868 1835 1935 praeparata

131 1943 258 1993 sunt
309 1943 552 2010 pectora,
605 1941 662 1994 in
702 1959 837 2010 quae
875 1944 995 1993 tuto
1035 1945 1297 1994 secretum
1336 1958 1495 1994 omne
1534 1939 1832 2008 descendat,

131 2030 360 2083 quorum
386 2015 767 2068 conscientiam
801 2014 976 2068 minus
1002 2033 1162 2083 quam
1185 2018 1333 2067 tuam
1357 2014 1568 2080 timeas,
1603 2032 1831 2082 quorum

131 2105 305 2141 sermo
367 2089 786 2143 sollicitudinem
839 2089 1027 2156 leniat,
1091 2087 1354 2141 sententia
1406 2087 1690 2141 consilium
1746 2106 1833 2141 ex-

130 2162 332 2232 pediat,
394 2163 638 2218 hilaritas
700 2164 974 2217 tristitiam
1038 2163 1285 2232 dissipet,
1344 2166 1662 2231 conspectus
1716 2161 1831 2231 ipse

131 2234 380 2291 delectet!
457 2255 593 2308 quos
640 2238 845 2292 scilicet
890 2255 1111 2307 vacuos,
1157 2240 1417 2306 quantum
1462 2236 1580 2290 fieri
1618 2235 1832 2307 poterit,

278 2366 309 2412 4
340 2370 451 2412 actu
482 2368 550 2413 A¹
582 2382 638 2413 ac
670 2371 723 2414 tu
755 2368 825 2414 A'
855 2370 971 2414 male
1011 2369 1029 2427 l!
1072 2368 1129 2412 12
1167 2368 1308 2413 adeos
1340 2381 1453 2413 corr.
1487 2368 1578 2413 vid.
1611 2370 1664 2413 in
1694 2369 1741 2414 A
1776 2383 1833 2414 ex

132 2425 298 2471 adeost
326 2428 342 2484 Η
374 2426 562 2472 15-21
596 2428 733 2474 verba
763 2427 1162 2473 Considerandum
1189 2429 1260 2471 est
1285 2461 1294 2471 .
1324 2462 1332 2471 .
1360 2462 1368 2472 .
1395 2427 1565 2472 inritus
1588 2426 1724 2472 labor
1747 2430 1832 2478 est.

131 2500 233 2531 cum
263 2487 337 2531 hic
367 2489 419 2531 in
450 2488 494 2532 A
528 2500 722 2543 prorsus
759 2490 911 2533 alieno
951 2488 1047 2533 loco
1081 2488 1306 2545 lequuntur,
1339 2487 1499 2533 Haase
1530 2489 1582 2532 in
1612 2501 1710 2545 cap.
1737 2491 1779 2542 6,
1801 2491 1833 2532 2

131 2549 416 2603 transposuit
459 2548 579 2591 inter
619 2548 756 2592 verba
803 2550 912 2592 ante
957 2547 1114 2592 omnia
1156 2552 1198 2591 et
1240 2561 1427 2592 necesse
1470 2549 1542 2591 est
1584 2561 1633 2592 se
1677 2547 1694 2591 i
1729 2561 1831 2591 sum

79 2630 83 2634 -
131 2605 405 2661 aestimare,
446 2606 581 2651 Gertz
620 2607 910 2663 probabilius
945 2612 1051 2664 post
1088 2621 1128 2652 v.
1173 2605 1407 2652 laborioso
1448 2606 1620 2664 pressit
1662 2621 1688 2651 o
1743 2606 1830 2651 cio.

129 2670 325 2711 ceterum
356 2679 409 2710 ea
439 2666 514 2712 hic
541 2680 635 2711 non
663 2679 746 2712 suo
778 2668 873 2712 loco
904 2681 995 2712 esse
1027 2666 1378 2723 ‘quodammodo
1407 2667 1502 2711 iam
1532 2668 1585 2711 in
1611 2668 1709 2724 ipso
1732 2666 1829 2712 cod.

22 2745 31 2755 ¹
131 2726 177 2770 A
208 2739 258 2770 eo
288 2726 591 2783 siqnificatur,
621 2726 742 2783 quod
779 2727 838 2771 ab
876 2727 948 2771 his
985 2727 1133 2771 verbis
1165 2726 1315 2783 spatio
1345 2726 1584 2783 aliquanto
1614 2727 1672 2771 ab
1704 2731 1829 2772 ante·

129 2784 390 2830 cedentibus
411 2785 573 2831 divisis
594 2800 715 2831 nova
738 2788 872 2843 quasi
894 2788 1029 2832 sectio
1052 2785 1246 2842 incipit?
1268 2786 1284 2843 ΙΙ
1316 2784 1374 2831 18
1397 2787 1451 2830 ut
1473 2791 1579 2831 ante
1601 2785 1830 2831 Isocrates

129 2843 393 2962 2:²15?le
438 2851 586 2891 censet
625 2845 760 2892 Gertz
802 2848 807 2904 Ι
861 2845 1075 2891 Socrates
1120 2844 1370 2902 sephorum
1424 2844 1549 2891 lecta
1602 2858 1745 2890 manu
1783 2846 1830 2892 A

223 2991 417 3030 Buten
438 3001 579 3029 onn
601 2995 631 3028 1.
649 2997 680 3029 ι.
695 2995 753 3029 σά.
771 2996 809 3029 a
819 3004 980 3029 eeeeee
1418 2998 1470 3039 1⁸1
