2028 3106
134 1072 189 1112 14

132 1414 186 1454 15

228 123 337 176 250
551 119 600 163 L.
626 118 862 163 ANNAEI
892 118 1165 164 SENECAE
1196 121 1355 165 DIAL.
1380 121 1490 165 LIB.
1516 121 1591 165 IX.

226 239 680 311 peregrinationes
728 240 1093 309 suscipiuntur
1137 260 1303 312 vagae
1350 245 1403 295 et
1439 241 1478 310 †
1517 242 1574 294 in
1608 242 1769 295 litora
1808 262 1921 312 per-

226 311 488 369 errantur
509 317 562 367 et
600 314 760 368 modo
799 316 934 368 mari
965 333 1021 368 se
1052 315 1212 368 modo
1242 320 1384 369 terra
1415 316 1686 385 experitur
1715 335 1922 386 semper

227 388 594 458 praesentibus
642 388 838 442 infesta
881 390 1085 443 levitas.
1172 388 1342 444 ‘nunc
1389 390 1732 460 Campaniam
1778 395 1921 459 peta-

227 462 381 516 mus.'
463 462 570 515 iam
618 463 860 530 delicata·
888 463 1106 518 fastidio
1154 467 1301 517 sunt:
1356 465 1583 519 ‘inculta
1627 465 1922 534 videantur,

226 536 468 590 Bruttios
531 541 585 590 et
644 537 911 591 Lucaniae
973 539 1140 592 saltus
1205 539 1620 607 persequamur?
1719 539 1921 608 aliquid

225 615 404 664 tamen
434 611 574 665 inter
605 612 813 666 deserta
844 613 1054 666 amoeni
1084 613 1394 682 requiritur,
1433 613 1490 666 in
1521 631 1627 683 quo
1658 614 1921 667 luxuriosi

225 686 368 739 oculi
419 686 583 758 longo
637 687 881 740 locorum
926 687 1260 741 horrentium
1308 688 1553 755 squalore
1598 689 1919 742 releventur:

226 759 541 814 ‘Tarentum
580 764 796 831 petatur
830 761 1185 831 laudatusque
1223 766 1411 831 portus
1450 765 1504 814 et
1533 762 1757 816 hiberna
1788 762 1920 817 caeli

223 835 451 889 mitioris
506 839 560 889 et
603 835 751 906 regio
799 835 886 887 vel
931 836 1182 906 antiquae
1228 836 1357 890 satis
1407 836 1662 905 opulenta
1698 836 1920 891 turbae?

221 907 421 964 *11111116
461 910 554 963 diu
585 929 616 963 a
645 911 839 979 plausu
877 912 932 962 et
961 910 1173 982 fragore
1205 929 1357 964 aures
1388 914 1735 979 vacaverunt,
1772 912 1921 965 iuvat

221 984 328 1038 iam
367 988 420 1037 et
457 985 693 1037 humano
734 983 992 1054 sanguine
1022 985 1152 1038 frui:
1189 985 1364 1039 *‘iam
1395 984 1671 1038 flectamus
1703 1003 1917 1039 cursum

222 1059 287 1112 ad
326 1056 587 1112 urbem.'*
649 1057 794 1110 aliud
833 1076 899 1111 ex
936 1059 1042 1112 alio
1082 1061 1184 1113 iter
1214 1059 1502 1129 suscipitur
1533 1062 1586 1112 et
1617 1061 1919 1128 spectacula

221 1133 539 1203 spectaculis
578 1134 868 1185 mutantur.
944 1136 1006 1186 ut
1044 1135 1120 1187 ait
1156 1134 1458 1188 Lucretius:

590 1232 680 1277 hoc
713 1247 761 1278 se
794 1234 991 1292 quisque
1022 1235 1162 1280 modo
1195 1249 1378 1293 semper
1407 1234 1543 1293 fugit.

224 1325 315 1379 sed
355 1323 485 1394 quid
523 1324 765 1395 prodest,
805 1327 851 1379 si
887 1345 999 1381 non
1038 1327 1262 1399 effugit?
1338 1327 1580 1397 sequitur
1619 1345 1673 1380 se
1711 1325 1825 1396 ipse
1865 1329 1918 1379 et

222 1402 378 1470 urget
429 1398 776 1470 gravissimus
825 1418 1016 1455 comes.
1102 1402 1282 1472 itaque
1329 1402 1464 1456 scire
1510 1401 1761 1455 debemus
1807 1419 1918 1454 non

219 1475 463 1528 locorum
502 1472 693 1526 vitium
734 1491 848 1527 esse
887 1493 994 1544 quo
1032 1476 1362 1545 laboramus,
1400 1476 1491 1530 sed
1528 1479 1795 1530 nostrum:
1840 1477 1917 1529 in-

218 1549 359 1602 firmi
399 1565 581 1603 sumus
613 1547 680 1601 ad
713 1566 868 1601 omne
898 1549 1261 1619 tolerandum,
1296 1569 1396 1605 nec
1424 1551 1623 1604 laboris
1654 1551 1916 1621 patientes

217 1641 316 1677 nec
352 1623 647 1694 voluptatis
692 1641 792 1677 nec
836 1623 1009 1676 nostri
1053 1640 1152 1676 nec
1195 1624 1358 1678 ullius
1404 1626 1483 1678 rei
1522 1625 1734 1678 diutius.
1810 1624 1916 1678 hoc

219 1698 480 1768 quosdam
530 1699 642 1770 egit
687 1697 754 1751 ad
800 1700 1050 1765 mortem,
1104 1697 1247 1766 quod
1293 1699 1569 1767 proposita
1607 1717 1762 1767 saepe
1801 1717 1915 1751 mu-

218 1772 382 1826 tando
430 1773 487 1826 in
534 1773 717 1827 eadem
763 1772 1176 1826 revolvebantur
1222 1773 1275 1823 et
1311 1789 1422 1824 non
1459 1772 1785 1840 reliquerant
1821 1790 1914 1825 no-

218 1847 373 1899 vitati
424 1848 627 1901 locum:
687 1847 904 1901 fastidio
959 1863 1072 1902 esse
1126 1844 1234 1898 illis
1289 1844 1468 1914 coepit
1520 1845 1631 1897 vita
1692 1848 1746 1897 et
1798 1844 1913 1914 ipse

217 1920 473 1989 mundus,
502 1925 556 1975 et
588 1923 733 1976 subit
761 1922 896 1976 illud
919 1921 1221 1976 tabidarum
1246 1918 1576 1973 deliciarum:
1609 1918 1912 1988 ‘quousque

218 1994 464 2048 eademP’

365 2170 424 2216 14
454 2171 636 2216 Lucret.
662 2172 755 2215 III
781 2174 898 2217 1066
928 2173 1119 2230 Brieyer

365 2275 391 2319 1
418 2275 457 2319 St
480 2274 671 2320 inlitora
694 2276 740 2319 A
772 2276 821 2319 et
842 2274 983 2319 litora
1010 2277 1124 2334 voly.
1158 2277 1206 2320 et
1227 2275 1356 2320 mille
1381 2288 1490 2320 orae
1516 2274 1652 2319 Gertz
1684 2275 1731 2318 et
1755 2272 1909 2317 aliena

216 2333 357 2378 litora
387 2336 644 2391 scripserim
674 2334 772 2380 coll.
798 2336 923 2391 epist.
949 2338 993 2389 4,
1019 2339 1075 2379 11
1108 2340 1149 2380 et
1182 2340 1282 2390 101,
1305 2338 1335 2379 6
1343 2353 1360 2390 ;
1393 2335 1512 2380 idem
1536 2334 1777 2391 proposuit
1804 2333 1906 2377 Joh.

217 2393 393 2437 Mu‘ller
424 2396 472 2437 et
493 2394 719 2438 ulteriora
743 2394 969 2440 Schultess
993 2393 1010 2452 Η
1039 2393 1069 2437 4
1090 2394 1344 2439 uideantur
1366 2396 1412 2440 A
1436 2395 1646 2438 visantur
1667 2393 1736 2437 vel
1750 2393 1909 2448 potius

216 2451 448 2495 adeantur
471 2454 687 2511 Madvig),
722 2455 802 2510 qui
829 2454 883 2498 de
906 2454 1129 2498 orationis
1150 2454 1301 2507 forma
1324 2460 1365 2499 et
1385 2453 1747 2510 interpunctione
1770 2453 1908 2496 totius

215 2511 303 2555 loci
336 2512 519 2567 primus
559 2519 674 2557 recte
713 2513 941 2558 iudicavit
975 2511 991 2571 ΙΙ
1033 2511 1062 2556 5
1099 2511 1308 2557 lucanies
1346 2519 1398 2558 ut
1427 2514 1517 2558 vid.
1551 2511 1619 2556 A¹
1649 2524 1760 2555 corr.
1793 2511 1864 2555 A'
1891 2512 1908 2572 ΙΙ

214 2570 244 2614 6
274 2570 528 2627 requiritur
553 2571 1078 2629 Christensen-Schmidt
1103 2585 1178 2627 ap.
1204 2573 1267 2616 M
1265 2573 1498 2630 adviyium
1528 2569 1794 2626 requiratur
1816 2571 1862 2616 A
1891 2579 1908 2624 ΙΙ

214 2630 243 2675 8
281 2629 539 2685 laudatque
574 2631 621 2675 A
666 2645 780 2677 corr.
816 2634 928 2690 voly.
976 2631 992 2690 ΙΙ
1039 2630 1068 2674 9
1110 2631 1239 2688 regio
1275 2633 1459 2677 Fickert
1500 2631 1626 2674 recto
1661 2631 1708 2674 A
1754 2630 1758 2689 Ι
1803 2637 1908 2687 post

213 2689 381 2734 turbae
422 2692 475 2734 in
513 2690 559 2734 A
603 2692 741 2735 verba
783 2696 941 2736 extant
984 2690 1080 2733 iam
1126 2689 1368 2735 flectamus
1412 2704 1596 2737 cursum
1640 2689 1701 2732 ad
1742 2689 1905 2735 urbem

214 2763 329 2805 quae
366 2751 419 2798 in
456 2764 495 2794 v.
523 2753 579 2794 11
615 2755 723 2806 post
762 2751 855 2795 frui
890 2750 1024 2795 Gertz
1064 2753 1367 2806 transposuit,
1409 2755 1462 2794 ut
1498 2749 1718 2794 orationis
1753 2751 1906 2806 forma

213 2809 427 2853 instituta
456 2814 712 2854 servaretur
740 2810 761 2878 st
787 2810 845 2855 19
868 2810 1015 2854 nostri
1039 2809 1108 2853 A¹
1130 2810 1250 2865 quod
1278 2812 1373 2855 iam
1403 2811 1505 2866 ipsa
1535 2823 1592 2853 m.
1619 2813 1645 2853 1
1675 2810 1764 2854 vid.
1791 2824 1903 2855 corr.

213 2867 265 2910 in
294 2871 481 2913 nostrae
519 2868 535 2928 ΙΙ
575 2867 634 2912 23
663 2868 934 2913 tabidarum
965 2869 1157 2925 Lipsius
1192 2868 1463 2914 rabidarum
1494 2869 1539 2913 A
1582 2868 1588 2927 Ι
1635 2883 1725 2925 quo
1756 2883 1904 2925 usque

215 2939 272 2969 ea
303 2927 388 2971 dee
413 2930 458 2972 A
490 2931 536 2984 (a
569 2927 654 2971 dee
684 2929 737 2972 in
766 2943 857 2973 ras.
882 2944 938 2973 m.
964 2930 1068 2984 rec.)

1953 930 1995 962 10

1950 1343 1991 1376 15

1947 1715 1989 1747 20
