<?xml version="1.0" encoding="UTF-8"?>
<!DOCTYPE html PUBLIC "-//W3C//DTD XHTML 1.0 Transitional//EN"
    "http://www.w3.org/TR/xhtml1/DTD/xhtml1-transitional.dtd">
<html xmlns="http://www.w3.org/1999/xhtml" xml:lang="en" lang="en">
 <head>
  <title>
</title>
<meta http-equiv="Content-Type" content="text/html;charset=utf-8" />
  <meta name='ocr-system' content='tesseract 3.04.00' />
  <meta name='ocr-capabilities' content='ocr_page ocr_carea ocr_par ocr_line ocrx_word'/>
</head>
<body>
  <div class='ocr_page' id='page_1' title='image "./f1operaquaesuper01seneuoft_0258.png"; bbox 0 0 2028 3106; ppageno 0'>
   <div class='ocr_carea' id='block_1_1' title="bbox 217 90 1609 150">
    <p class='ocr_par' dir='ltr' id='par_1_1' title="bbox 217 90 1609 150">
     <span class='ocr_line' id='line_1_1' title="bbox 217 90 1609 150; baseline -0.005 -9"><span class='ocrx_word' id='word_1_1' title='bbox 217 97 325 150; x_wconf 76' lang='lat'><strong>234</strong></span> <span class='ocrx_word' id='word_1_2' title='bbox 524 93 573 138; x_wconf 92' lang='lat' dir='ltr'><strong>L.</strong></span> <span class='ocrx_word' id='word_1_3' title='bbox 598 92 833 137; x_wconf 81' lang='lat' dir='ltr'><strong>ANNAEI</strong></span> <span class='ocrx_word' id='word_1_4' title='bbox 866 90 1138 136; x_wconf 85' lang='lat' dir='ltr'>SENECAE</span> <span class='ocrx_word' id='word_1_5' title='bbox 1170 90 1328 135; x_wconf 87' lang='lat' dir='ltr'><strong>DIAL.</strong></span> <span class='ocrx_word' id='word_1_6' title='bbox 1353 91 1463 136; x_wconf 87' lang='lat' dir='ltr'><strong>LIB.</strong></span> <span class='ocrx_word' id='word_1_7' title='bbox 1490 91 1609 135; x_wconf 88' lang='lat' dir='ltr'><strong>VIII.</strong></span> 
     </span>
    </p>
   </div>
   <div class='ocr_carea' id='block_1_2' title="bbox 216 212 1909 420">
    <p class='ocr_par' dir='ltr' id='par_1_2' title="bbox 216 212 1909 420">
     <span class='ocr_line' id='line_1_2' title="bbox 216 212 1908 284; baseline -0.001 -14"><span class='ocrx_word' id='word_1_8' title='bbox 216 217 283 270; x_wconf 86' lang='lat' dir='ltr'><strong>ad</strong></span> <span class='ocrx_word' id='word_1_9' title='bbox 336 216 469 270; x_wconf 84' lang='lat' dir='ltr'><strong>alios</strong></span> <span class='ocrx_word' id='word_1_10' title='bbox 524 219 672 269; x_wconf 87' lang='lat' dir='ltr'><strong>actus</strong></span> <span class='ocrx_word' id='word_1_11' title='bbox 715 214 754 282; x_wconf 82' lang='lat'><strong>†</strong></span> <span class='ocrx_word' id='word_1_12' title='bbox 801 213 1006 266; x_wconf 87' lang='lat' dir='ltr'><strong>animos</strong></span> <span class='ocrx_word' id='word_1_13' title='bbox 1055 214 1250 267; x_wconf 87' lang='lat' dir='ltr'><strong>referre</strong></span> <span class='ocrx_word' id='word_1_14' title='bbox 1299 212 1571 284; x_wconf 81' lang='lat' dir='ltr'><strong>virginum</strong></span> <span class='ocrx_word' id='word_1_15' title='bbox 1610 213 1908 269; x_wconf 79' lang='lat' dir='ltr'><strong>Vestalium</strong></span> 
     </span>
     <span class='ocr_line' id='line_1_3' title="bbox 216 287 1909 360; baseline 0 -16"><span class='ocrx_word' id='word_1_16' title='bbox 216 310 386 359; x_wconf 88' lang='lat' dir='ltr'><strong>more,</strong></span> <span class='ocrx_word' id='word_1_17' title='bbox 441 299 576 360; x_wconf 76' lang='lat' dir='ltr'><strong>quae</strong></span> <span class='ocrx_word' id='word_1_18' title='bbox 626 289 778 343; x_wconf 87' lang='lat' dir='ltr'><strong>annis</strong></span> <span class='ocrx_word' id='word_1_19' title='bbox 825 288 967 341; x_wconf 91' lang='lat' dir='ltr'><strong>inter</strong></span> <span class='ocrx_word' id='word_1_20' title='bbox 1015 288 1194 342; x_wconf 86' lang='lat' dir='ltr'><strong>officia</strong></span> <span class='ocrx_word' id='word_1_21' title='bbox 1243 287 1426 341; x_wconf 83' lang='lat' dir='ltr'><strong>divisis</strong></span> <span class='ocrx_word' id='word_1_22' title='bbox 1477 287 1690 342; x_wconf 89' lang='lat' dir='ltr'><strong>discunt</strong></span> <span class='ocrx_word' id='word_1_23' title='bbox 1737 289 1909 344; x_wconf 89' lang='lat' dir='ltr'><strong>facere</strong></span> 
     </span>
     <span class='ocr_line' id='line_1_4' title="bbox 217 362 1200 420; baseline -0.004 -1"><span class='ocrx_word' id='word_1_24' title='bbox 217 384 366 420; x_wconf 86' lang='lat' dir='ltr'><strong>sacra</strong></span> <span class='ocrx_word' id='word_1_25' title='bbox 404 368 457 418; x_wconf 88' lang='lat' dir='ltr'><strong>et</strong></span> <span class='ocrx_word' id='word_1_26' title='bbox 496 382 617 418; x_wconf 92' lang='lat' dir='ltr'><strong>cum</strong></span> <span class='ocrx_word' id='word_1_27' title='bbox 657 363 956 416; x_wconf 86' lang='lat' dir='ltr'><strong>didicerunt</strong></span> <span class='ocrx_word' id='word_1_28' title='bbox 994 362 1200 415; x_wconf 78' lang='lat' dir='ltr'><strong>docent.</strong></span> 
     </span>
    </p>
   </div>
   <div class='ocr_carea' id='block_1_3' title="bbox 216 449 1915 1641">
    <p class='ocr_par' dir='ltr' id='par_1_3' title="bbox 216 449 1915 1641">
     <span class='ocr_line' id='line_1_5' title="bbox 364 449 1913 522; baseline 0 -16"><span class='ocrx_word' id='word_1_29' title='bbox 364 452 455 507; x_wconf 94' lang='lat' dir='ltr'><strong>III.</strong></span> <span class='ocrx_word' id='word_1_30' title='bbox 519 451 655 522; x_wconf 71' lang='lat'><strong>[30]</strong></span> <span class='ocrx_word' id='word_1_31' title='bbox 707 451 830 505; x_wconf 93' lang='lat' dir='ltr'><strong>Hoc</strong></span> <span class='ocrx_word' id='word_1_32' title='bbox 869 449 1064 504; x_wconf 79' lang='lat' dir='ltr'><strong>Stoicis</strong></span> <span class='ocrx_word' id='word_1_33' title='bbox 1112 469 1324 520; x_wconf 91' lang='lat' dir='ltr'><strong>quoque</strong></span> <span class='ocrx_word' id='word_1_34' title='bbox 1370 452 1580 520; x_wconf 86' lang='lat' dir='ltr'><strong>placere</strong></span> <span class='ocrx_word' id='word_1_35' title='bbox 1620 452 1913 522; x_wconf 89' lang='lat' dir='ltr'><strong>ostendam,</strong></span> 
     </span>
     <span class='ocr_line' id='line_1_6' title="bbox 217 525 1910 597; baseline -0.001 -15"><span class='ocrx_word' id='word_1_36' title='bbox 217 548 326 582; x_wconf 93' lang='lat' dir='ltr'><strong>non</strong></span> <span class='ocrx_word' id='word_1_37' title='bbox 388 528 514 597; x_wconf 89' lang='lat' dir='ltr'><strong>quia</strong></span> <span class='ocrx_word' id='word_1_38' title='bbox 574 526 708 580; x_wconf 85' lang='lat' dir='ltr'><strong>mihi</strong></span> <span class='ocrx_word' id='word_1_39' title='bbox 767 527 942 596; x_wconf 89' lang='lat' dir='ltr'><strong>legem</strong></span> <span class='ocrx_word' id='word_1_40' title='bbox 1001 525 1226 579; x_wconf 83' lang='lat' dir='ltr'><strong>dixerim</strong></span> <span class='ocrx_word' id='word_1_41' title='bbox 1279 526 1417 578; x_wconf 88' lang='lat' dir='ltr'><strong>nihil</strong></span> <span class='ocrx_word' id='word_1_42' title='bbox 1470 530 1655 579; x_wconf 88' lang='lat' dir='ltr'><strong>contra</strong></span> <span class='ocrx_word' id='word_1_43' title='bbox 1708 526 1910 580; x_wconf 89' lang='lat' dir='ltr'><strong>dictum</strong></span> 
     </span>
     <span class='ocr_line' id='line_1_7' title="bbox 216 599 1913 671; baseline -0.001 -15"><span class='ocrx_word' id='word_1_44' title='bbox 216 603 446 656; x_wconf 85' lang='lat' dir='ltr'><strong>Zenonis</strong></span> <span class='ocrx_word' id='word_1_45' title='bbox 510 599 863 671; x_wconf 80' lang='lat' dir='ltr'><strong>Chrysippive</strong></span> <span class='ocrx_word' id='word_1_46' title='bbox 917 601 1272 669; x_wconf 82' lang='lat' dir='ltr'><strong>committere,</strong></span> <span class='ocrx_word' id='word_1_47' title='bbox 1334 600 1426 653; x_wconf 89' lang='lat' dir='ltr'><strong>sed</strong></span> <span class='ocrx_word' id='word_1_48' title='bbox 1481 601 1606 669; x_wconf 90' lang='lat' dir='ltr'><strong>quia</strong></span> <span class='ocrx_word' id='word_1_49' title='bbox 1657 619 1741 654; x_wconf 89' lang='lat' dir='ltr'><strong>res</strong></span> <span class='ocrx_word' id='word_1_50' title='bbox 1796 603 1913 670; x_wconf 89' lang='lat' dir='ltr'><strong>ipsa</strong></span> 
     </span>
     <span class='ocr_line' id='line_1_8' title="bbox 217 674 1911 747; baseline -0.001 -18"><span class='ocrx_word' id='word_1_51' title='bbox 217 677 421 747; x_wconf 88' lang='lat' dir='ltr'><strong>patitur</strong></span> <span class='ocrx_word' id='word_1_52' title='bbox 458 694 544 728; x_wconf 91' lang='lat' dir='ltr'><strong>me</strong></span> <span class='ocrx_word' id='word_1_53' title='bbox 582 676 659 729; x_wconf 88' lang='lat' dir='ltr'><strong>ire</strong></span> <span class='ocrx_word' id='word_1_54' title='bbox 697 676 754 728; x_wconf 91' lang='lat' dir='ltr'><strong>in</strong></span> <span class='ocrx_word' id='word_1_55' title='bbox 791 674 1007 727; x_wconf 89' lang='lat' dir='ltr'><strong>illorum</strong></span> <span class='ocrx_word' id='word_1_56' title='bbox 1047 675 1388 742; x_wconf 86' lang='lat' dir='ltr'><strong>sententiam,</strong></span> <span class='ocrx_word' id='word_1_57' title='bbox 1427 675 1679 743; x_wconf 89' lang='lat' dir='ltr'><strong>quoniam</strong></span> <span class='ocrx_word' id='word_1_58' title='bbox 1716 675 1762 727; x_wconf 89' lang='lat' dir='ltr'><strong>si</strong></span> <span class='ocrx_word' id='word_1_59' title='bbox 1794 676 1911 744; x_wconf 90' lang='lat' dir='ltr'><strong>quis</strong></span> 
     </span>
     <span class='ocr_line' id='line_1_9' title="bbox 218 749 1912 820; baseline -0.001 -17"><span class='ocrx_word' id='word_1_60' title='bbox 218 769 426 820; x_wconf 84' lang='lat' dir='ltr'><strong>semper</strong></span> <span class='ocrx_word' id='word_1_61' title='bbox 474 750 633 803; x_wconf 87' lang='lat' dir='ltr'><strong>unius</strong></span> <span class='ocrx_word' id='word_1_62' title='bbox 685 750 948 818; x_wconf 87' lang='lat' dir='ltr'><strong>sequitur,</strong></span> <span class='ocrx_word' id='word_1_63' title='bbox 995 766 1107 801; x_wconf 91' lang='lat' dir='ltr'><strong>non</strong></span> <span class='ocrx_word' id='word_1_64' title='bbox 1155 749 1212 801; x_wconf 90' lang='lat' dir='ltr'><strong>in</strong></span> <span class='ocrx_word' id='word_1_65' title='bbox 1261 749 1408 802; x_wconf 91' lang='lat' dir='ltr'><strong>curia</strong></span> <span class='ocrx_word' id='word_1_66' title='bbox 1454 749 1546 802; x_wconf 85' lang='lat' dir='ltr'><strong>sed</strong></span> <span class='ocrx_word' id='word_1_67' title='bbox 1585 750 1643 801; x_wconf 89' lang='lat' dir='ltr'><strong>in</strong></span> <span class='ocrx_word' id='word_1_68' title='bbox 1680 749 1912 803; x_wconf 84' lang='lat' dir='ltr'><strong>factione</strong></span> 
     </span>
     <span class='ocr_line' id='line_1_10' title="bbox 217 823 1911 894; baseline -0.001 -15"><span class='ocrx_word' id='word_1_69' title='bbox 217 829 310 879; x_wconf 90' lang='lat' dir='ltr'><strong>est.</strong></span> <span class='ocrx_word' id='word_1_70' title='bbox 373 824 579 878; x_wconf 90' lang='lat' dir='ltr'><strong>utinam</strong></span> <span class='ocrx_word' id='word_1_71' title='bbox 620 824 835 894; x_wconf 90' lang='lat' dir='ltr'><strong>quidem</strong></span> <span class='ocrx_word' id='word_1_72' title='bbox 867 823 973 876; x_wconf 89' lang='lat' dir='ltr'><strong>iam</strong></span> <span class='ocrx_word' id='word_1_73' title='bbox 1005 826 1315 877; x_wconf 89' lang='lat' dir='ltr'><strong>tenerentur</strong></span> <span class='ocrx_word' id='word_1_74' title='bbox 1344 823 1525 876; x_wconf 89' lang='lat' dir='ltr'><strong>omnia</strong></span> <span class='ocrx_word' id='word_1_75' title='bbox 1555 827 1610 877; x_wconf 91' lang='lat' dir='ltr'><strong>et</strong></span> <span class='ocrx_word' id='word_1_76' title='bbox 1639 824 1696 876; x_wconf 91' lang='lat' dir='ltr'><strong>in</strong></span> <span class='ocrx_word' id='word_1_77' title='bbox 1727 827 1911 893; x_wconf 88' lang='lat' dir='ltr'><strong>aperto</strong></span> 
     </span>
     <span class='ocr_line' id='line_1_11' title="bbox 218 897 1912 972; baseline -0.001 -18"><span class='ocrx_word' id='word_1_78' title='bbox 218 899 462 972; x_wconf 71' lang='lat' dir='ltr'><strong>confessa</strong></span> <span class='ocrx_word' id='word_1_79' title='bbox 499 898 695 953; x_wconf 83' lang='lat' dir='ltr'><strong>veritas</strong></span> <span class='ocrx_word' id='word_1_80' title='bbox 735 901 875 952; x_wconf 90' lang='lat' dir='ltr'><strong>esset</strong></span> <span class='ocrx_word' id='word_1_81' title='bbox 911 897 1155 967; x_wconf 88' lang='lat' dir='ltr'><strong>nihilque</strong></span> <span class='ocrx_word' id='word_1_82' title='bbox 1194 917 1260 952; x_wconf 83' lang='lat' dir='ltr'><strong>ex</strong></span> <span class='ocrx_word' id='word_1_83' title='bbox 1298 897 1522 952; x_wconf 85' lang='lat' dir='ltr'><strong>decretis</strong></span> <span class='ocrx_word' id='word_1_84' title='bbox 1562 900 1912 952; x_wconf 83' lang='lat' dir='ltr'><strong>mutaremus!</strong></span> 
     </span>
     <span class='ocr_line' id='line_1_12' title="bbox 216 973 1909 1043; baseline -0.001 -15"><span class='ocrx_word' id='word_1_85' title='bbox 216 993 360 1029; x_wconf 92' lang='lat' dir='ltr'><strong>nunc</strong></span> <span class='ocrx_word' id='word_1_86' title='bbox 409 975 689 1028; x_wconf 87' lang='lat' dir='ltr'><strong>veritatem</strong></span> <span class='ocrx_word' id='word_1_87' title='bbox 740 992 862 1027; x_wconf 92' lang='lat' dir='ltr'><strong>cum</strong></span> <span class='ocrx_word' id='word_1_88' title='bbox 913 974 987 1026; x_wconf 84' lang='lat' dir='ltr'><strong>eis</strong></span> <span class='ocrx_word' id='word_1_89' title='bbox 1039 973 1170 1043; x_wconf 89' lang='lat' dir='ltr'><strong>ipsis</strong></span> <span class='ocrx_word' id='word_1_90' title='bbox 1218 973 1311 1042; x_wconf 91' lang='lat' dir='ltr'><strong>qui</strong></span> <span class='ocrx_word' id='word_1_91' title='bbox 1356 973 1549 1027; x_wconf 89' lang='lat' dir='ltr'><strong>docent</strong></span> <span class='ocrx_word' id='word_1_92' title='bbox 1596 973 1909 1042; x_wconf 88' lang='lat' dir='ltr'><strong>quaerimus.</strong></span> 
     </span>
     <span class='ocr_line' id='line_1_13' title="bbox 218 1048 1913 1117; baseline -0.001 -14"><span class='ocrx_word' id='word_1_93' title='bbox 218 1050 351 1103; x_wconf 87' lang='lat' dir='ltr'><strong>duae</strong></span> <span class='ocrx_word' id='word_1_94' title='bbox 391 1050 621 1103; x_wconf 82' lang='lat' dir='ltr'><strong>maxime</strong></span> <span class='ocrx_word' id='word_1_95' title='bbox 661 1052 714 1102; x_wconf 90' lang='lat' dir='ltr'><strong>et</strong></span> <span class='ocrx_word' id='word_1_96' title='bbox 751 1049 809 1101; x_wconf 90' lang='lat' dir='ltr'><strong>in</strong></span> <span class='ocrx_word' id='word_1_97' title='bbox 847 1048 948 1101; x_wconf 90' lang='lat' dir='ltr'><strong>hac</strong></span> <span class='ocrx_word' id='word_1_98' title='bbox 985 1066 1043 1101; x_wconf 91' lang='lat' dir='ltr'><strong>re</strong></span> <span class='ocrx_word' id='word_1_99' title='bbox 1083 1048 1344 1102; x_wconf 87' lang='lat' dir='ltr'><strong>dissident</strong></span> <span class='ocrx_word' id='word_1_100' title='bbox 1382 1052 1579 1116; x_wconf 88' lang='lat' dir='ltr'><strong>sectae,</strong></span> <span class='ocrx_word' id='word_1_101' title='bbox 1623 1048 1913 1117; x_wconf 91' lang='lat' dir='ltr'><strong>Epicureo-</strong></span> 
     </span>
     <span class='ocr_line' id='line_1_14' title="bbox 216 1122 1912 1192; baseline -0.002 -14"><span class='ocrx_word' id='word_1_102' title='bbox 216 1144 335 1178; x_wconf 89' lang='lat' dir='ltr'><strong>rum</strong></span> <span class='ocrx_word' id='word_1_103' title='bbox 361 1127 413 1178; x_wconf 89' lang='lat' dir='ltr'><strong>et</strong></span> <span class='ocrx_word' id='word_1_104' title='bbox 430 1122 751 1191; x_wconf 87' lang='lat' dir='ltr'><strong>Stoicorum,</strong></span> <span class='ocrx_word' id='word_1_105' title='bbox 773 1122 867 1176; x_wconf 91' lang='lat' dir='ltr'><strong>sed</strong></span> <span class='ocrx_word' id='word_1_106' title='bbox 890 1127 1116 1192; x_wconf 87' lang='lat' dir='ltr'><strong>utraque</strong></span> <span class='ocrx_word' id='word_1_107' title='bbox 1133 1122 1200 1175; x_wconf 88' lang='lat' dir='ltr'><strong>ad</strong></span> <span class='ocrx_word' id='word_1_108' title='bbox 1218 1123 1389 1175; x_wconf 88' lang='lat' dir='ltr'><strong>otium</strong></span> <span class='ocrx_word' id='word_1_109' title='bbox 1406 1122 1614 1175; x_wconf 84' lang='lat' dir='ltr'><strong>diversa</strong></span> <span class='ocrx_word' id='word_1_110' title='bbox 1628 1123 1716 1175; x_wconf 80' lang='lat' dir='ltr'><strong>via</strong></span> <span class='ocrx_word' id='word_1_111' title='bbox 1732 1123 1912 1176; x_wconf 90' lang='lat' dir='ltr'><strong>mittit.</strong></span> 
     </span>
     <span class='ocr_line' id='line_1_15' title="bbox 216 1197 1914 1269; baseline -0.002 -17"><span class='ocrx_word' id='word_1_112' title='bbox 216 1199 482 1269; x_wconf 88' lang='lat' dir='ltr'><strong>Epicurus</strong></span> <span class='ocrx_word' id='word_1_113' title='bbox 529 1198 626 1252; x_wconf 87' lang='lat' dir='ltr'><strong>ait:</strong></span> <span class='ocrx_word' id='word_1_114' title='bbox 673 1197 811 1250; x_wconf 73' lang='lat' dir='ltr'><strong>‘non</strong></span> <span class='ocrx_word' id='word_1_115' title='bbox 856 1197 1071 1250; x_wconf 86' lang='lat' dir='ltr'><strong>accedet</strong></span> <span class='ocrx_word' id='word_1_116' title='bbox 1116 1197 1183 1249; x_wconf 85' lang='lat' dir='ltr'><strong>ad</strong></span> <span class='ocrx_word' id='word_1_117' title='bbox 1221 1215 1335 1250; x_wconf 91' lang='lat' dir='ltr'><strong>rem</strong></span> <span class='ocrx_word' id='word_1_118' title='bbox 1378 1197 1648 1266; x_wconf 85' lang='lat' dir='ltr'><strong>publicam</strong></span> <span class='ocrx_word' id='word_1_119' title='bbox 1688 1198 1914 1266; x_wconf 85' lang='lat' dir='ltr'><strong>sapiens,</strong></span> 
     </span>
     <span class='ocr_line' id='line_1_16' title="bbox 217 1270 1912 1342; baseline -0.001 -16"><span class='ocrx_word' id='word_1_120' title='bbox 217 1274 321 1327; x_wconf 91' lang='lat' dir='ltr'><strong>nisi</strong></span> <span class='ocrx_word' id='word_1_121' title='bbox 359 1274 406 1326; x_wconf 86' lang='lat' dir='ltr'><strong>si</strong></span> <span class='ocrx_word' id='word_1_122' title='bbox 446 1272 574 1342; x_wconf 91' lang='lat' dir='ltr'><strong>quid</strong></span> <span class='ocrx_word' id='word_1_123' title='bbox 612 1271 1003 1341; x_wconf 84' lang='lat' dir='ltr'><strong>intervenerit&#39;3</strong></span> <span class='ocrx_word' id='word_1_124' title='bbox 1051 1270 1237 1325; x_wconf 91' lang='lat' dir='ltr'><strong>Zenon</strong></span> <span class='ocrx_word' id='word_1_125' title='bbox 1275 1272 1372 1323; x_wconf 86' lang='lat' dir='ltr'><strong>ait:</strong></span> <span class='ocrx_word' id='word_1_126' title='bbox 1420 1271 1658 1325; x_wconf 74' lang='lat' dir='ltr'><strong>‘accedet</strong></span> <span class='ocrx_word' id='word_1_127' title='bbox 1697 1271 1763 1324; x_wconf 91' lang='lat' dir='ltr'><strong>ad</strong></span> <span class='ocrx_word' id='word_1_128' title='bbox 1800 1290 1912 1324; x_wconf 89' lang='lat' dir='ltr'><strong>rem</strong></span> 
     </span>
     <span class='ocr_line' id='line_1_17' title="bbox 217 1345 1914 1418; baseline -0.002 -17"><span class='ocrx_word' id='word_1_129' title='bbox 217 1347 511 1418; x_wconf 85' lang='lat' dir='ltr'><strong>publicam,</strong></span> <span class='ocrx_word' id='word_1_130' title='bbox 569 1347 675 1400; x_wconf 89' lang='lat' dir='ltr'><strong>nisi</strong></span> <span class='ocrx_word' id='word_1_131' title='bbox 727 1346 775 1400; x_wconf 88' lang='lat' dir='ltr'><strong>si</strong></span> <span class='ocrx_word' id='word_1_132' title='bbox 824 1346 953 1415; x_wconf 89' lang='lat' dir='ltr'><strong>quid</strong></span> <span class='ocrx_word' id='word_1_133' title='bbox 1006 1345 1339 1415; x_wconf 85' lang='lat' dir='ltr'><strong>impedierit&#39;.</strong></span> <span class='ocrx_word' id='word_1_134' title='bbox 1431 1346 1565 1399; x_wconf 90' lang='lat' dir='ltr'><strong>alter</strong></span> <span class='ocrx_word' id='word_1_135' title='bbox 1618 1346 1788 1399; x_wconf 88' lang='lat' dir='ltr'><strong>otium</strong></span> <span class='ocrx_word' id='word_1_136' title='bbox 1850 1365 1914 1399; x_wconf 84' lang='lat' dir='ltr'><strong>ex</strong></span> 
     </span>
     <span class='ocr_line' id='line_1_18' title="bbox 218 1420 1912 1493; baseline -0.002 -17"><span class='ocrx_word' id='word_1_137' title='bbox 218 1423 495 1493; x_wconf 90' lang='lat' dir='ltr'><strong>proposito</strong></span> <span class='ocrx_word' id='word_1_138' title='bbox 546 1421 706 1492; x_wconf 89' lang='lat' dir='ltr'><strong>petit,</strong></span> <span class='ocrx_word' id='word_1_139' title='bbox 756 1422 890 1474; x_wconf 88' lang='lat' dir='ltr'><strong>alter</strong></span> <span class='ocrx_word' id='word_1_140' title='bbox 928 1439 994 1474; x_wconf 85' lang='lat' dir='ltr'><strong>ex</strong></span> <span class='ocrx_word' id='word_1_141' title='bbox 1031 1438 1213 1490; x_wconf 84' lang='lat' dir='ltr'><strong>causa3</strong></span> <span class='ocrx_word' id='word_1_142' title='bbox 1263 1437 1423 1474; x_wconf 88' lang='lat' dir='ltr'><strong>causa</strong></span> <span class='ocrx_word' id='word_1_143' title='bbox 1461 1423 1639 1473; x_wconf 91' lang='lat' dir='ltr'><strong>autem</strong></span> <span class='ocrx_word' id='word_1_144' title='bbox 1676 1420 1771 1473; x_wconf 82' lang='lat' dir='ltr'><strong>illa</strong></span> <span class='ocrx_word' id='word_1_145' title='bbox 1807 1420 1912 1473; x_wconf 84' lang='lat' dir='ltr'><strong>late</strong></span> 
     </span>
     <span class='ocr_line' id='line_1_19' title="bbox 217 1494 1915 1566; baseline -0.002 -16"><span class='ocrx_word' id='word_1_146' title='bbox 217 1500 378 1566; x_wconf 88' lang='lat' dir='ltr'><strong>patet.</strong></span> <span class='ocrx_word' id='word_1_147' title='bbox 457 1496 503 1550; x_wconf 90' lang='lat' dir='ltr'><strong>si</strong></span> <span class='ocrx_word' id='word_1_148' title='bbox 540 1515 624 1549; x_wconf 91' lang='lat' dir='ltr'><strong>res</strong></span> <span class='ocrx_word' id='word_1_149' title='bbox 664 1496 882 1565; x_wconf 88' lang='lat' dir='ltr'><strong>publica</strong></span> <span class='ocrx_word' id='word_1_150' title='bbox 920 1495 1222 1565; x_wconf 86' lang='lat' dir='ltr'><strong>corruptior</strong></span> <span class='ocrx_word' id='word_1_151' title='bbox 1260 1498 1342 1547; x_wconf 90' lang='lat' dir='ltr'><strong>est</strong></span> <span class='ocrx_word' id='word_1_152' title='bbox 1381 1513 1542 1563; x_wconf 86' lang='lat' dir='ltr'><strong>quam</strong></span> <span class='ocrx_word' id='word_1_153' title='bbox 1579 1499 1637 1547; x_wconf 74' lang='lat' dir='ltr'><strong>ut</strong></span> <span class='ocrx_word' id='word_1_154' title='bbox 1675 1494 1915 1547; x_wconf 86' lang='lat' dir='ltr'><strong>adiuvari</strong></span> 
     </span>
     <span class='ocr_line' id='line_1_20' title="bbox 216 1568 1915 1641; baseline -0.002 -17"><span class='ocrx_word' id='word_1_155' title='bbox 216 1571 412 1641; x_wconf 89' lang='lat' dir='ltr'><strong>possit,</strong></span> <span class='ocrx_word' id='word_1_156' title='bbox 462 1570 508 1624; x_wconf 89' lang='lat' dir='ltr'><strong>si</strong></span> <span class='ocrx_word' id='word_1_157' title='bbox 554 1573 814 1640; x_wconf 88' lang='lat' dir='ltr'><strong>occupata</strong></span> <span class='ocrx_word' id='word_1_158' title='bbox 860 1573 942 1623; x_wconf 89' lang='lat' dir='ltr'><strong>est</strong></span> <span class='ocrx_word' id='word_1_159' title='bbox 986 1569 1141 1624; x_wconf 87' lang='lat' dir='ltr'><strong>malis</strong></span> <span class='ocrx_word' id='word_1_160' title='bbox 1150 1610 1166 1639; x_wconf 89' lang='lat'><strong>,</strong></span> <span class='ocrx_word' id='word_1_161' title='bbox 1214 1587 1325 1622; x_wconf 92' lang='lat' dir='ltr'><strong>non</strong></span> <span class='ocrx_word' id='word_1_162' title='bbox 1369 1570 1572 1622; x_wconf 89' lang='lat' dir='ltr'><strong>nitetur</strong></span> <span class='ocrx_word' id='word_1_163' title='bbox 1610 1569 1819 1638; x_wconf 89' lang='lat' dir='ltr'><strong>sapiens</strong></span> <span class='ocrx_word' id='word_1_164' title='bbox 1858 1568 1915 1621; x_wconf 92' lang='lat' dir='ltr'><strong>in</strong></span> 
     </span>
    </p>
   </div>
   <div class='ocr_carea' id='block_1_4' title="bbox 217 1643 1965 1715">
    <p class='ocr_par' dir='ltr' id='par_1_4' title="bbox 217 1643 1965 1715">
     <span class='ocr_line' id='line_1_21' title="bbox 217 1643 1965 1715; baseline -0.004 -16"><span class='ocrx_word' id='word_1_165' title='bbox 217 1662 605 1715; x_wconf 87' lang='lat' dir='ltr'><strong>supervacuum</strong></span> <span class='ocrx_word' id='word_1_166' title='bbox 665 1662 765 1698; x_wconf 93' lang='lat' dir='ltr'><strong>nec</strong></span> <span class='ocrx_word' id='word_1_167' title='bbox 825 1663 880 1697; x_wconf 89' lang='lat' dir='ltr'><strong>se</strong></span> <span class='ocrx_word' id='word_1_168' title='bbox 941 1644 1079 1697; x_wconf 81' lang='lat' dir='ltr'><strong>nihil</strong></span> <span class='ocrx_word' id='word_1_169' title='bbox 1139 1643 1453 1714; x_wconf 86' lang='lat' dir='ltr'><strong>profuturus</strong></span> <span class='ocrx_word' id='word_1_170' title='bbox 1514 1643 1808 1712; x_wconf 80' lang='lat' dir='ltr'><strong>impendet3</strong></span> <span class='ocrx_word' id='word_1_171' title='bbox 1870 1643 1916 1696; x_wconf 87' lang='lat' dir='ltr'><strong>si</strong></span> <span class='ocrx_word' id='word_1_172' title='bbox 1948 1661 1965 1692; x_wconf 74' lang='lat'>2</span> 
     </span>
    </p>
   </div>
   <div class='ocr_carea' id='block_1_5' title="bbox 217 1717 1916 2012">
    <p class='ocr_par' dir='ltr' id='par_1_5' title="bbox 217 1717 1916 2012">
     <span class='ocr_line' id='line_1_22' title="bbox 218 1717 1916 1790; baseline -0.002 -16"><span class='ocrx_word' id='word_1_173' title='bbox 218 1738 408 1790; x_wconf 89' lang='lat' dir='ltr'><strong>parum</strong></span> <span class='ocrx_word' id='word_1_174' title='bbox 453 1719 675 1772; x_wconf 89' lang='lat' dir='ltr'><strong>habebit</strong></span> <span class='ocrx_word' id='word_1_175' title='bbox 724 1719 1059 1773; x_wconf 89' lang='lat' dir='ltr'><strong>auctoritatis</strong></span> <span class='ocrx_word' id='word_1_176' title='bbox 1106 1721 1199 1772; x_wconf 91' lang='lat' dir='ltr'><strong>aut</strong></span> <span class='ocrx_word' id='word_1_177' title='bbox 1244 1718 1439 1771; x_wconf 82' lang='lat' dir='ltr'><strong>virium</strong></span> <span class='ocrx_word' id='word_1_178' title='bbox 1483 1736 1583 1771; x_wconf 92' lang='lat' dir='ltr'><strong>nec</strong></span> <span class='ocrx_word' id='word_1_179' title='bbox 1620 1718 1774 1771; x_wconf 91' lang='lat' dir='ltr'><strong>illum</strong></span> <span class='ocrx_word' id='word_1_180' title='bbox 1814 1717 1916 1770; x_wconf 89' lang='lat' dir='ltr'><strong>erit</strong></span> 
     </span>
     <span class='ocr_line' id='line_1_23' title="bbox 219 1792 1914 1863; baseline -0.002 -15"><span class='ocrx_word' id='word_1_181' title='bbox 219 1793 515 1848; x_wconf 88' lang='lat' dir='ltr'><strong>admissura</strong></span> <span class='ocrx_word' id='word_1_182' title='bbox 545 1813 627 1848; x_wconf 90' lang='lat' dir='ltr'><strong>res</strong></span> <span class='ocrx_word' id='word_1_183' title='bbox 659 1793 900 1863; x_wconf 89' lang='lat' dir='ltr'><strong>publica,</strong></span> <span class='ocrx_word' id='word_1_184' title='bbox 930 1793 976 1847; x_wconf 91' lang='lat' dir='ltr'><strong>si</strong></span> <span class='ocrx_word' id='word_1_185' title='bbox 1005 1793 1256 1847; x_wconf 85' lang='lat' dir='ltr'><strong>valetudo</strong></span> <span class='ocrx_word' id='word_1_186' title='bbox 1289 1793 1444 1846; x_wconf 92' lang='lat' dir='ltr'><strong>illum</strong></span> <span class='ocrx_word' id='word_1_187' title='bbox 1474 1792 1755 1862; x_wconf 87' lang='lat' dir='ltr'><strong>impediet,</strong></span> <span class='ocrx_word' id='word_1_188' title='bbox 1786 1809 1914 1861; x_wconf 87' lang='lat' dir='ltr'><strong>quo-</strong></span> 
     </span>
     <span class='ocr_line' id='line_1_24' title="bbox 219 1865 1913 1937; baseline -0.002 -14"><span class='ocrx_word' id='word_1_189' title='bbox 219 1869 379 1923; x_wconf 92' lang='lat' dir='ltr'><strong>modo</strong></span> <span class='ocrx_word' id='word_1_190' title='bbox 410 1887 601 1922; x_wconf 85' lang='lat' dir='ltr'><strong>navem</strong></span> <span class='ocrx_word' id='word_1_191' title='bbox 635 1886 883 1937; x_wconf 89' lang='lat' dir='ltr'><strong>quassam</strong></span> <span class='ocrx_word' id='word_1_192' title='bbox 912 1886 1024 1922; x_wconf 92' lang='lat' dir='ltr'><strong>non</strong></span> <span class='ocrx_word' id='word_1_193' title='bbox 1055 1867 1339 1922; x_wconf 88' lang='lat' dir='ltr'><strong>deduceret</strong></span> <span class='ocrx_word' id='word_1_194' title='bbox 1364 1867 1422 1920; x_wconf 92' lang='lat' dir='ltr'><strong>in</strong></span> <span class='ocrx_word' id='word_1_195' title='bbox 1444 1885 1612 1936; x_wconf 86' lang='lat' dir='ltr'><strong>mare,</strong></span> <span class='ocrx_word' id='word_1_196' title='bbox 1643 1865 1913 1936; x_wconf 91' lang='lat' dir='ltr'><strong>quomodo</strong></span> 
     </span>
     <span class='ocr_line' id='line_1_25' title="bbox 217 1940 1914 2012; baseline -0.002 -15"><span class='ocrx_word' id='word_1_197' title='bbox 217 1961 415 1998; x_wconf 91' lang='lat' dir='ltr'><strong>nomen</strong></span> <span class='ocrx_word' id='word_1_198' title='bbox 452 1943 510 1997; x_wconf 91' lang='lat' dir='ltr'><strong>in</strong></span> <span class='ocrx_word' id='word_1_199' title='bbox 543 1943 792 1997; x_wconf 88' lang='lat' dir='ltr'><strong>militiam</strong></span> <span class='ocrx_word' id='word_1_200' title='bbox 823 1961 935 1997; x_wconf 92' lang='lat' dir='ltr'><strong>non</strong></span> <span class='ocrx_word' id='word_1_201' title='bbox 966 1943 1116 1996; x_wconf 90' lang='lat' dir='ltr'><strong>daret</strong></span> <span class='ocrx_word' id='word_1_202' title='bbox 1146 1942 1361 2012; x_wconf 87' lang='lat' dir='ltr'><strong>debilis,</strong></span> <span class='ocrx_word' id='word_1_203' title='bbox 1399 1942 1478 1996; x_wconf 91' lang='lat' dir='ltr'><strong>sic</strong></span> <span class='ocrx_word' id='word_1_204' title='bbox 1508 1941 1575 1995; x_wconf 91' lang='lat' dir='ltr'><strong>ad</strong></span> <span class='ocrx_word' id='word_1_205' title='bbox 1606 1941 1732 2011; x_wconf 89' lang='lat' dir='ltr'><strong>iter,</strong></span> <span class='ocrx_word' id='word_1_206' title='bbox 1772 1940 1914 2010; x_wconf 92' lang='lat' dir='ltr'><strong>quod</strong></span> 
     </span>
    </p>
   </div>
   <div class='ocr_carea' id='block_1_6' title="bbox 366 2089 1691 2149">
    <p class='ocr_par' dir='ltr' id='par_1_6' title="bbox 366 2089 1691 2149">
     <span class='ocr_line' id='line_1_26' title="bbox 366 2089 1691 2149; baseline -0.002 -14"><span class='ocrx_word' id='word_1_207' title='bbox 366 2089 426 2135; x_wconf 81' lang='lat'><strong>14</strong></span> <span class='ocrx_word' id='word_1_208' title='bbox 457 2091 592 2148; x_wconf 79' lang='lat' dir='ltr'><strong>Epic.</strong></span> <span class='ocrx_word' id='word_1_209' title='bbox 617 2092 783 2149; x_wconf 73' lang='lat' dir='ltr'><strong>fraym.</strong></span> <span class='ocrx_word' id='word_1_210' title='bbox 810 2090 871 2136; x_wconf 87' lang='lat'><strong>9*</strong></span> <span class='ocrx_word' id='word_1_211' title='bbox 905 2091 977 2136; x_wconf 81' lang='lat' dir='ltr'><strong>Us.</strong></span> <span class='ocrx_word' id='word_1_212' title='bbox 1010 2089 1026 2149; x_wconf 71' lang='grc' dir='ltr'><strong>ΙΙ</strong></span> <span class='ocrx_word' id='word_1_213' title='bbox 1057 2089 1116 2134; x_wconf 80' lang='grc'><strong>15</strong></span> <span class='ocrx_word' id='word_1_214' title='bbox 1146 2091 1315 2135; x_wconf 80' lang='lat' dir='ltr'><strong>Zenon.</strong></span> <span class='ocrx_word' id='word_1_215' title='bbox 1340 2089 1401 2145; x_wconf 79' lang='lat' dir='ltr'><strong>fr.</strong></span> <span class='ocrx_word' id='word_1_216' title='bbox 1426 2093 1513 2135; x_wconf 86' lang='lat'><strong>170</strong></span> <span class='ocrx_word' id='word_1_217' title='bbox 1535 2089 1691 2134; x_wconf 79' lang='lat' dir='ltr'><strong>Pears.</strong></span> 
     </span>
    </p>
   </div>
   <div class='ocr_carea' id='block_1_7' title="bbox 217 2191 1914 2969">
    <p class='ocr_par' dir='ltr' id='par_1_7' title="bbox 217 2191 1914 2969">
     <span class='ocr_line' id='line_1_27' title="bbox 366 2191 1912 2240; baseline -0.003 -1"><span class='ocrx_word' id='word_1_218' title='bbox 366 2195 394 2239; x_wconf 92' lang='lat' dir='ltr'><strong>l</strong></span> <span class='ocrx_word' id='word_1_219' title='bbox 427 2194 608 2240; x_wconf 86' lang='lat' dir='ltr'><strong>adalios</strong></span> <span class='ocrx_word' id='word_1_220' title='bbox 648 2197 780 2239; x_wconf 89' lang='lat' dir='ltr'><strong>actus</strong></span> <span class='ocrx_word' id='word_1_221' title='bbox 821 2196 1001 2239; x_wconf 87' lang='lat' dir='ltr'><strong>animos</strong></span> <span class='ocrx_word' id='word_1_222' title='bbox 1035 2193 1207 2239; x_wconf 81' lang='lat' dir='ltr'><strong>referre</strong></span> <span class='ocrx_word' id='word_1_223' title='bbox 1238 2195 1284 2239; x_wconf 99' lang='lat' dir='ltr'><strong><em>A</em></strong></span> <span class='ocrx_word' id='word_1_224' title='bbox 1324 2193 1386 2238; x_wconf 90' lang='lat' dir='ltr'><strong>ad</strong></span> <span class='ocrx_word' id='word_1_225' title='bbox 1418 2195 1551 2238; x_wconf 86' lang='lat' dir='ltr'><strong>actus</strong></span> <span class='ocrx_word' id='word_1_226' title='bbox 1584 2192 1782 2237; x_wconf 90' lang='lat' dir='ltr'><strong>aliorum</strong></span> <span class='ocrx_word' id='word_1_227' title='bbox 1815 2191 1912 2235; x_wconf 86' lang='lat' dir='ltr'><strong>ani-</strong></span> 
     </span>
     <span class='ocr_line' id='line_1_28' title="bbox 218 2252 1914 2312; baseline -0.002 -14"><span class='ocrx_word' id='word_1_228' title='bbox 218 2269 318 2299; x_wconf 89' lang='lat' dir='ltr'><strong>mos</strong></span> <span class='ocrx_word' id='word_1_229' title='bbox 356 2254 528 2300; x_wconf 85' lang='lat' dir='ltr'><strong>referre</strong></span> <span class='ocrx_word' id='word_1_230' title='bbox 559 2255 763 2312; x_wconf 75' lang='lat' dir='ltr'><strong>Psenniy</strong></span> <span class='ocrx_word' id='word_1_231' title='bbox 805 2255 867 2299; x_wconf 85' lang='lat' dir='ltr'><strong>ad</strong></span> <span class='ocrx_word' id='word_1_232' title='bbox 906 2254 1024 2299; x_wconf 86' lang='lat' dir='ltr'><strong>alios</strong></span> <span class='ocrx_word' id='word_1_233' title='bbox 1065 2256 1197 2298; x_wconf 84' lang='lat' dir='ltr'><strong>actus</strong></span> <span class='ocrx_word' id='word_1_234' title='bbox 1229 2267 1370 2298; x_wconf 88' lang='lat' dir='ltr'><strong>canos</strong></span> <span class='ocrx_word' id='word_1_235' title='bbox 1400 2253 1573 2298; x_wconf 87' lang='lat' dir='ltr'><strong>referre</strong></span> <span class='ocrx_word' id='word_1_236' title='bbox 1610 2253 1711 2298; x_wconf 80' lang='lat' dir='ltr'><strong>Joh.</strong></span> <span class='ocrx_word' id='word_1_237' title='bbox 1739 2252 1914 2297; x_wconf 64' lang='lat' dir='ltr'><strong>Maller</strong></span> 
     </span>
     <span class='ocr_line' id='line_1_29' title="bbox 221 2310 1912 2372; baseline -0.003 -14"><span class='ocrx_word' id='word_1_238' title='bbox 221 2314 283 2358; x_wconf 90' lang='lat' dir='ltr'><strong>ad</strong></span> <span class='ocrx_word' id='word_1_239' title='bbox 315 2313 432 2358; x_wconf 86' lang='lat' dir='ltr'><strong>alios</strong></span> <span class='ocrx_word' id='word_1_240' title='bbox 465 2314 594 2358; x_wconf 89' lang='lat' dir='ltr'><strong>actui</strong></span> <span class='ocrx_word' id='word_1_241' title='bbox 626 2314 876 2359; x_wconf 87' lang='lat' dir='ltr'><strong>armandos</strong></span> <span class='ocrx_word' id='word_1_242' title='bbox 908 2328 956 2359; x_wconf 84' lang='lat' dir='ltr'><strong>se</strong></span> <span class='ocrx_word' id='word_1_243' title='bbox 986 2314 1070 2358; x_wconf 87' lang='lat' dir='ltr'><strong>ref.</strong></span> <span class='ocrx_word' id='word_1_244' title='bbox 1095 2314 1322 2359; x_wconf 80' lang='lat' dir='ltr'><strong>Schultess</strong></span> <span class='ocrx_word' id='word_1_245' title='bbox 1349 2313 1366 2372; x_wconf 79' lang='grc'><strong>11</strong></span> <span class='ocrx_word' id='word_1_246' title='bbox 1394 2312 1423 2357; x_wconf 80' lang='lat'>2</span> <span class='ocrx_word' id='word_1_247' title='bbox 1455 2311 1616 2356; x_wconf 86' lang='lat' dir='ltr'><strong>divisis</strong></span> <span class='ocrx_word' id='word_1_248' title='bbox 1647 2312 1759 2369; x_wconf 74' lang='lat' dir='ltr'><strong>voly.</strong></span> <span class='ocrx_word' id='word_1_249' title='bbox 1794 2310 1912 2354; x_wconf 91' lang='lat' dir='ltr'><strong>diui-</strong></span> 
     </span>
     <span class='ocr_line' id='line_1_30' title="bbox 217 2369 1912 2433; baseline -0.003 -15"><span class='ocrx_word' id='word_1_250' title='bbox 217 2375 281 2418; x_wconf 87' lang='lat' dir='ltr'><strong>tis</strong></span> <span class='ocrx_word' id='word_1_251' title='bbox 305 2375 351 2419; x_wconf 94' lang='lat' dir='ltr'><strong><em>A</em></strong></span> <span class='ocrx_word' id='word_1_252' title='bbox 380 2373 397 2433; x_wconf 85' lang='grc' dir='ltr'><strong>Π</strong></span> <span class='ocrx_word' id='word_1_253' title='bbox 437 2373 460 2418; x_wconf 77' lang='grc'>7</span> <span class='ocrx_word' id='word_1_254' title='bbox 494 2374 717 2431; x_wconf 90' lang='lat' dir='ltr'><strong>quoniam</strong></span> <span class='ocrx_word' id='word_1_255' title='bbox 744 2374 879 2419; x_wconf 82' lang='lat' dir='ltr'><strong>Gertz</strong></span> <span class='ocrx_word' id='word_1_256' title='bbox 910 2377 1004 2430; x_wconf 73' lang='lat' dir='ltr'><strong>qua‘.</strong></span> <span class='ocrx_word' id='word_1_257' title='bbox 1027 2375 1073 2419; x_wconf 93' lang='lat' dir='ltr'><strong><em>A</em></strong></span> <span class='ocrx_word' id='word_1_258' title='bbox 1103 2386 1212 2417; x_wconf 89' lang='lat' dir='ltr'><strong>nam</strong></span> <span class='ocrx_word' id='word_1_259' title='bbox 1239 2373 1438 2430; x_wconf 65' lang='lat' dir='ltr'><strong>Madvig</strong></span> <span class='ocrx_word' id='word_1_260' title='bbox 1472 2371 1490 2432; x_wconf 88' lang='grc' dir='ltr'><strong>ΙΙ</strong></span> <span class='ocrx_word' id='word_1_261' title='bbox 1526 2371 1555 2416; x_wconf 85' lang='grc'>8</span> <span class='ocrx_word' id='word_1_262' title='bbox 1588 2372 1639 2416; x_wconf 91' lang='lat' dir='ltr'><strong>in</strong></span> <span class='ocrx_word' id='word_1_263' title='bbox 1670 2371 1799 2415; x_wconf 89' lang='lat' dir='ltr'><strong>curia</strong></span> <span class='ocrx_word' id='word_1_264' title='bbox 1831 2369 1912 2414; x_wconf 90' lang='lat' dir='ltr'><strong>sed</strong></span> 
     </span>
     <span class='ocr_line' id='line_1_31' title="bbox 219 2430 1912 2492; baseline -0.004 -14"><span class='ocrx_word' id='word_1_265' title='bbox 219 2434 270 2478; x_wconf 92' lang='lat' dir='ltr'><strong>in</strong></span> <span class='ocrx_word' id='word_1_266' title='bbox 300 2432 506 2478; x_wconf 82' lang='lat' dir='ltr'><strong>factione</strong></span> <span class='ocrx_word' id='word_1_267' title='bbox 538 2435 610 2478; x_wconf 89' lang='lat' dir='ltr'><strong>est</strong></span> <span class='ocrx_word' id='word_1_268' title='bbox 635 2434 833 2492; x_wconf 65' lang='lat' dir='ltr'><strong>Madvig}</strong></span> <span class='ocrx_word' id='word_1_269' title='bbox 862 2433 1036 2477; x_wconf 89' lang='lat' dir='ltr'><strong>iniuria</strong></span> <span class='ocrx_word' id='word_1_270' title='bbox 1067 2432 1150 2478; x_wconf 85' lang='lat' dir='ltr'><strong>sed</strong></span> <span class='ocrx_word' id='word_1_271' title='bbox 1180 2432 1450 2477; x_wconf 88' lang='lat' dir='ltr'><strong>infactionis</strong></span> <span class='ocrx_word' id='word_1_272' title='bbox 1474 2432 1520 2477; x_wconf 92' lang='lat' dir='ltr'><strong><em>A</em></strong></span> <span class='ocrx_word' id='word_1_273' title='bbox 1551 2445 1645 2476; x_wconf 90' lang='lat' dir='ltr'><strong>non</strong></span> <span class='ocrx_word' id='word_1_274' title='bbox 1675 2430 1724 2474; x_wconf 91' lang='lat' dir='ltr'><strong>id</strong></span> <span class='ocrx_word' id='word_1_275' title='bbox 1756 2430 1912 2473; x_wconf 84' lang='lat' dir='ltr'><strong>curiae</strong></span> 
     </span>
     <span class='ocr_line' id='line_1_32' title="bbox 219 2490 1913 2552; baseline -0.002 -15"><span class='ocrx_word' id='word_1_276' title='bbox 219 2492 303 2538; x_wconf 91' lang='lat' dir='ltr'><strong>sed</strong></span> <span class='ocrx_word' id='word_1_277' title='bbox 333 2493 430 2537; x_wconf 90' lang='lat' dir='ltr'><strong>iam</strong></span> <span class='ocrx_word' id='word_1_278' title='bbox 461 2493 683 2537; x_wconf 87' lang='lat' dir='ltr'><strong>factionis</strong></span> <span class='ocrx_word' id='word_1_279' title='bbox 713 2496 785 2539; x_wconf 90' lang='lat' dir='ltr'><strong>est</strong></span> <span class='ocrx_word' id='word_1_280' title='bbox 814 2494 1007 2550; x_wconf 76' lang='lat' dir='ltr'><strong>Lipsius</strong></span> <span class='ocrx_word' id='word_1_281' title='bbox 1042 2492 1059 2552; x_wconf 83' lang='grc' dir='ltr'><strong>ΙΙ</strong></span> <span class='ocrx_word' id='word_1_282' title='bbox 1094 2493 1124 2537; x_wconf 75' lang='lat'>9</span> <span class='ocrx_word' id='word_1_283' title='bbox 1157 2492 1208 2536; x_wconf 89' lang='lat' dir='ltr'><strong>in</strong></span> <span class='ocrx_word' id='word_1_284' title='bbox 1239 2493 1402 2549; x_wconf 89' lang='lat' dir='ltr'><strong>aperto</strong></span> <span class='ocrx_word' id='word_1_285' title='bbox 1434 2491 1646 2536; x_wconf 85' lang='lat' dir='ltr'><strong>confessa</strong></span> <span class='ocrx_word' id='word_1_286' title='bbox 1678 2490 1913 2534; x_wconf 81' lang='lat' dir='ltr'><strong>Klammer</strong></span> 
     </span>
     <span class='ocr_line' id='line_1_33' title="bbox 219 2550 1912 2610; baseline -0.002 -14"><span class='ocrx_word' id='word_1_287' title='bbox 219 2554 437 2609; x_wconf 88' lang='lat' dir='ltr'><strong>inoperta</strong></span> <span class='ocrx_word' id='word_1_288' title='bbox 476 2553 688 2598; x_wconf 86' lang='lat' dir='ltr'><strong>confessa</strong></span> <span class='ocrx_word' id='word_1_289' title='bbox 712 2555 758 2599; x_wconf 97' lang='lat' dir='ltr'><strong><em>A</em></strong></span> <span class='ocrx_word' id='word_1_290' title='bbox 795 2553 1011 2610; x_wconf 89' lang='lat' dir='ltr'><strong>inoperta</strong></span> <span class='ocrx_word' id='word_1_291' title='bbox 1043 2565 1098 2596; x_wconf 89' lang='lat' dir='ltr'><strong>ac</strong></span> <span class='ocrx_word' id='word_1_292' title='bbox 1130 2552 1250 2596; x_wconf 86' lang='lat' dir='ltr'><strong>conf.</strong></span> <span class='ocrx_word' id='word_1_293' title='bbox 1282 2553 1396 2610; x_wconf 77' lang='lat' dir='ltr'><strong>voly.</strong></span> <span class='ocrx_word' id='word_1_294' title='bbox 1428 2551 1546 2596; x_wconf 86' lang='lat' dir='ltr'><strong>male</strong></span> <span class='ocrx_word' id='word_1_295' title='bbox 1582 2550 1632 2594; x_wconf 91' lang='lat' dir='ltr'><strong>in</strong></span> <span class='ocrx_word' id='word_1_296' title='bbox 1663 2550 1824 2606; x_wconf 85' lang='lat' dir='ltr'><strong>aperto</strong></span> <span class='ocrx_word' id='word_1_297' title='bbox 1857 2561 1912 2592; x_wconf 85' lang='lat' dir='ltr'><strong>ac</strong></span> 
     </span>
     <span class='ocr_line' id='line_1_34' title="bbox 221 2612 1910 2668; baseline -0.003 -12"><span class='ocrx_word' id='word_1_298' title='bbox 221 2613 431 2657; x_wconf 84' lang='lat' dir='ltr'><strong>confesso</strong></span> <span class='ocrx_word' id='word_1_299' title='bbox 456 2613 687 2668; x_wconf 79' lang='lat' dir='ltr'><strong>Wo&#39;lfflin,</strong></span> <span class='ocrx_word' id='word_1_300' title='bbox 711 2614 789 2659; x_wconf 83' lang='lat' dir='ltr'><strong>sed</strong></span> <span class='ocrx_word' id='word_1_301' title='bbox 812 2613 896 2668; x_wconf 80' lang='lat' dir='ltr'><strong>cfr.</strong></span> <span class='ocrx_word' id='word_1_302' title='bbox 924 2613 1181 2658; x_wconf 83' lang='lat' dir='ltr'><strong>Klammeri</strong></span> <span class='ocrx_word' id='word_1_303' title='bbox 1202 2612 1434 2656; x_wconf 82' lang='lat' dir='ltr'><strong>animadv.</strong></span> <span class='ocrx_word' id='word_1_304' title='bbox 1455 2612 1698 2656; x_wconf 84' lang='lat' dir='ltr'><strong>Annaean.</strong></span> <span class='ocrx_word' id='word_1_305' title='bbox 1722 2623 1910 2666; x_wconf 64' lang='lat' dir='ltr'><strong>gramm.</strong></span> 
     </span>
     <span class='ocr_line' id='line_1_35' title="bbox 221 2669 1912 2732; baseline -0.004 -15"><span class='ocrx_word' id='word_1_306' title='bbox 221 2673 349 2718; x_wconf 73' lang='lat' dir='ltr'><strong>Diss.</strong></span> <span class='ocrx_word' id='word_1_307' title='bbox 375 2673 529 2717; x_wconf 88' lang='lat' dir='ltr'><strong>Bonn.</strong></span> <span class='ocrx_word' id='word_1_308' title='bbox 554 2676 674 2718; x_wconf 88' lang='grc'><em>1878</em></span> <span class='ocrx_word' id='word_1_309' title='bbox 697 2688 747 2730; x_wconf 80' lang='lat' dir='ltr'><strong>p.</strong></span> <span class='ocrx_word' id='word_1_310' title='bbox 773 2677 801 2717; x_wconf 84' lang='grc'><strong><em>4</em></strong></span> <span class='ocrx_word' id='word_1_311' title='bbox 833 2672 848 2732; x_wconf 83' lang='grc' dir='ltr'>Η</span> <span class='ocrx_word' id='word_1_312' title='bbox 879 2672 937 2716; x_wconf 88' lang='grc'><strong>18</strong></span> <span class='ocrx_word' id='word_1_313' title='bbox 962 2685 1103 2729; x_wconf 84' lang='lat' dir='ltr'><strong>quam</strong></span> <span class='ocrx_word' id='word_1_314' title='bbox 1133 2673 1188 2716; x_wconf 91' lang='lat' dir='ltr'><strong>ut</strong></span> <span class='ocrx_word' id='word_1_315' title='bbox 1217 2672 1329 2729; x_wconf 76' lang='lat' dir='ltr'><strong>voly.</strong></span> <span class='ocrx_word' id='word_1_316' title='bbox 1363 2674 1457 2727; x_wconf 78' lang='lat' dir='ltr'><strong>qua</strong></span> <span class='ocrx_word' id='word_1_317' title='bbox 1480 2671 1526 2715; x_wconf 96' lang='lat' dir='ltr'><strong><em>A</em></strong></span> <span class='ocrx_word' id='word_1_318' title='bbox 1555 2670 1570 2729; x_wconf 89' lang='grc' dir='ltr'><strong>ΙΙ</strong></span> <span class='ocrx_word' id='word_1_319' title='bbox 1602 2669 1659 2713; x_wconf 84' lang='grc'><strong>19</strong></span> <span class='ocrx_word' id='word_1_320' title='bbox 1683 2669 1912 2724; x_wconf 87' lang='lat' dir='ltr'><strong>occupata</strong></span> 
     </span>
     <span class='ocr_line' id='line_1_36' title="bbox 222 2727 1913 2791; baseline -0.004 -14"><span class='ocrx_word' id='word_1_321' title='bbox 222 2733 294 2776; x_wconf 89' lang='lat' dir='ltr'><strong>est</strong></span> <span class='ocrx_word' id='word_1_322' title='bbox 319 2731 457 2776; x_wconf 88' lang='lat' dir='ltr'><strong>malis</strong></span> <span class='ocrx_word' id='word_1_323' title='bbox 486 2733 599 2790; x_wconf 76' lang='lat' dir='ltr'><strong>voly.</strong></span> <span class='ocrx_word' id='word_1_324' title='bbox 633 2732 948 2791; x_wconf 62' lang='lat' dir='ltr'><strong>osculata1est</strong></span> <span class='ocrx_word' id='word_1_325' title='bbox 977 2731 1114 2776; x_wconf 89' lang='lat' dir='ltr'><strong>malis</strong></span> <span class='ocrx_word' id='word_1_326' title='bbox 1138 2733 1184 2776; x_wconf 95' lang='lat' dir='ltr'><strong><em>A</em></strong></span> <span class='ocrx_word' id='word_1_327' title='bbox 1217 2744 1245 2775; x_wconf 88' lang='lat' dir='ltr'><strong>a</strong></span> <span class='ocrx_word' id='word_1_328' title='bbox 1275 2730 1413 2774; x_wconf 88' lang='lat' dir='ltr'><strong>malis</strong></span> <span class='ocrx_word' id='word_1_329' title='bbox 1444 2735 1570 2787; x_wconf 77' lang='lat' dir='ltr'><strong>optat</strong></span> <span class='ocrx_word' id='word_1_330' title='bbox 1594 2729 1811 2786; x_wconf 76' lang='lat' dir='ltr'><strong>Madviy,</strong></span> <span class='ocrx_word' id='word_1_331' title='bbox 1834 2727 1913 2772; x_wconf 83' lang='lat' dir='ltr'><strong>sed</strong></span> 
     </span>
     <span class='ocr_line' id='line_1_37' title="bbox 222 2786 1911 2848; baseline -0.004 -12"><span class='ocrx_word' id='word_1_332' title='bbox 222 2793 376 2837; x_wconf 83' lang='lat' dir='ltr'><strong>dativo</strong></span> <span class='ocrx_word' id='word_1_333' title='bbox 390 2793 457 2836; x_wconf 82' lang='lat' dir='ltr'><strong>sic</strong></span> <span class='ocrx_word' id='word_1_334' title='bbox 471 2806 603 2848; x_wconf 78' lang='lat' dir='ltr'><strong>saepe</strong></span> <span class='ocrx_word' id='word_1_335' title='bbox 617 2794 765 2838; x_wconf 82' lang='lat' dir='ltr'><strong>utitur</strong></span> <span class='ocrx_word' id='word_1_336' title='bbox 777 2793 947 2838; x_wconf 85' lang='lat' dir='ltr'><strong>Seneca</strong></span> <span class='ocrx_word' id='word_1_337' title='bbox 962 2792 1045 2847; x_wconf 82' lang='lat' dir='ltr'><strong>cfr.</strong></span> <span class='ocrx_word' id='word_1_338' title='bbox 1058 2792 1189 2846; x_wconf 81' lang='lat' dir='ltr'><strong>infra</strong></span> <span class='ocrx_word' id='word_1_339' title='bbox 1205 2806 1254 2848; x_wconf 77' lang='lat' dir='ltr'><strong>p.</strong></span> <span class='ocrx_word' id='word_1_340' title='bbox 1271 2794 1376 2846; x_wconf 79' lang='lat'><strong>235,</strong></span> <span class='ocrx_word' id='word_1_341' title='bbox 1389 2794 1418 2835; x_wconf 88' lang='lat'><strong><em>5</em></strong></span> <span class='ocrx_word' id='word_1_342' title='bbox 1434 2788 1670 2834; x_wconf 85' lang='lat' dir='ltr'><strong>obcallata</strong></span> <span class='ocrx_word' id='word_1_343' title='bbox 1688 2789 1759 2832; x_wconf 87' lang='lat' dir='ltr'><strong>est</strong></span> <span class='ocrx_word' id='word_1_344' title='bbox 1775 2786 1911 2830; x_wconf 85' lang='lat' dir='ltr'><strong>malis</strong></span> 
     </span>
     <span class='ocr_line' id='line_1_38' title="bbox 226 2847 1910 2910; baseline -0.004 -14"><span class='ocrx_word' id='word_1_345' title='bbox 226 2851 361 2898; x_wconf 77' lang='lat' dir='ltr'><strong>Gertz</strong></span> <span class='ocrx_word' id='word_1_346' title='bbox 391 2852 489 2897; x_wconf 84' lang='lat' dir='ltr'><strong>coll.</strong></span> <span class='ocrx_word' id='word_1_347' title='bbox 515 2866 587 2909; x_wconf 79' lang='lat' dir='ltr'><strong>qu.</strong></span> <span class='ocrx_word' id='word_1_348' title='bbox 612 2858 708 2897; x_wconf 83' lang='lat' dir='ltr'><strong>nat.</strong></span> <span class='ocrx_word' id='word_1_349' title='bbox 734 2853 818 2898; x_wconf 89' lang='lat' dir='ltr'><strong>IV</strong></span> <span class='ocrx_word' id='word_1_350' title='bbox 840 2856 913 2907; x_wconf 84' lang='lat'><strong>13,</strong></span> <span class='ocrx_word' id='word_1_351' title='bbox 939 2857 997 2897; x_wconf 91' lang='lat'><strong>10</strong></span> <span class='ocrx_word' id='word_1_352' title='bbox 1032 2851 1048 2910; x_wconf 80' lang='grc' dir='ltr'><strong>ΙΙ</strong></span> <span class='ocrx_word' id='word_1_353' title='bbox 1088 2850 1148 2895; x_wconf 81' lang='grc'><strong>24</strong></span> <span class='ocrx_word' id='word_1_354' title='bbox 1178 2850 1304 2907; x_wconf 89' lang='lat' dir='ltr'><strong>quod</strong></span> <span class='ocrx_word' id='word_1_355' title='bbox 1334 2849 1543 2908; x_wconf 82' lang='lat' dir='ltr'><strong>inhabile</strong></span> <span class='ocrx_word' id='word_1_356' title='bbox 1575 2848 1692 2892; x_wconf 87' lang='lat' dir='ltr'><strong>sciet</strong></span> <span class='ocrx_word' id='word_1_357' title='bbox 1718 2847 1764 2892; x_wconf 93' lang='lat' dir='ltr'><strong><em>A</em></strong></span> <span class='ocrx_word' id='word_1_358' title='bbox 1798 2847 1910 2899; x_wconf 81' lang='lat' dir='ltr'><strong>(scil.</strong></span> 
     </span>
     <span class='ocr_line' id='line_1_39' title="bbox 218 2907 1911 2969; baseline -0.005 -12"><span class='ocrx_word' id='word_1_359' title='bbox 218 2925 304 2967; x_wconf 77' lang='lat' dir='ltr'><strong>pro</strong></span> <span class='ocrx_word' id='word_1_360' title='bbox 334 2913 433 2956; x_wconf 80' lang='lat' dir='ltr'><strong>sais</strong></span> <span class='ocrx_word' id='word_1_361' title='bbox 462 2912 651 2969; x_wconf 76' lang='lat' dir='ltr'><strong>viribus)</strong></span> <span class='ocrx_word' id='word_1_362' title='bbox 683 2912 804 2969; x_wconf 78' lang='lat' dir='ltr'><strong>quod</strong></span> <span class='ocrx_word' id='word_1_363' title='bbox 834 2917 958 2957; x_wconf 84' lang='lat' dir='ltr'><strong>teneo</strong></span> <span class='ocrx_word' id='word_1_364' title='bbox 989 2925 1088 2956; x_wconf 81' lang='lat' dir='ltr'><strong>cum</strong></span> <span class='ocrx_word' id='word_1_365' title='bbox 1113 2911 1284 2968; x_wconf 75' lang='lat' dir='ltr'><strong>Mayor</strong></span> <span class='ocrx_word' id='word_1_366' title='bbox 1314 2911 1493 2966; x_wconf 82' lang='lat' dir='ltr'><strong>(Journ.</strong></span> <span class='ocrx_word' id='word_1_367' title='bbox 1518 2908 1574 2964; x_wconf 80' lang='lat' dir='ltr'><strong>of</strong></span> <span class='ocrx_word' id='word_1_368' title='bbox 1589 2908 1704 2965; x_wconf 75' lang='lat' dir='ltr'><strong>phil.</strong></span> <span class='ocrx_word' id='word_1_369' title='bbox 1734 2907 1833 2952; x_wconf 88' lang='lat' dir='ltr'><strong>VII</strong></span> <span class='ocrx_word' id='word_1_370' title='bbox 1856 2910 1911 2952; x_wconf 90' lang='lat'><strong>51</strong></span> 
     </span>
    </p>
   </div>
   <div class='ocr_carea' id='block_1_8' title="bbox 1945 918 1987 948">
    <p class='ocr_par' dir='ltr' id='par_1_8' title="bbox 1945 918 1987 948">
     <span class='ocr_line' id='line_1_40' title="bbox 1945 918 1987 948; baseline 0 0"><span class='ocrx_word' id='word_1_371' title='bbox 1945 918 1987 948; x_wconf 89' lang='lat'><strong>10</strong></span> 
     </span>
    </p>
   </div>
   <div class='ocr_carea' id='block_1_9' title="bbox 1947 1289 1987 1320">
    <p class='ocr_par' dir='ltr' id='par_1_9' title="bbox 1947 1289 1987 1320">
     <span class='ocr_line' id='line_1_41' title="bbox 1947 1289 1987 1320; baseline 0 0"><span class='ocrx_word' id='word_1_372' title='bbox 1947 1289 1987 1320; x_wconf 86' lang='lat'><strong>15</strong></span> 
     </span>
    </p>
   </div>
  </div>
 </body>
</html>
