2034 3086
518 498 587 559 12.
630 496 958 558 ANNAEI
1005 493 1382 557 SENECAE

249 645 1043 731 DIALOGORVM
1095 644 1459 725 LIBER
1507 644 1654 725 VI.

781 790 854 825 AD
877 789 1124 826 moun

656 895 738 941 DE
770 893 1248 942 CONSOLATIONE.

249 1123 291 1179 I.
350 1123 475 1179 Nisi
512 1127 588 1193 te,
626 1122 852 1193 Marcia,
889 1123 1079 1177 scirem
1117 1125 1229 1176 tam
1266 1122 1428 1193 longe
1470 1121 1536 1176 ab
1583 1121 1805 1176 infirmi-
1839 1134 1862 1175 1

101 1203 212 1254 tate
250 1198 524 1254 muliebris
562 1198 728 1252 animi
767 1216 928 1268 quam
967 1216 1000 1251 a
1037 1197 1227 1251 ceteris
1255 1197 1411 1251 vitiis
1442 1197 1722 1252 recessisse
1753 1202 1807 1252 et

102 1292 277 1329 mores
326 1278 448 1328 tuos
498 1274 647 1328 velut
695 1272 916 1343 aliquod
965 1272 1246 1342 antiquum
1295 1271 1568 1357 exemplar
1621 1273 1806 1343 aspici,

99 1367 212 1403 non
260 1349 510 1403 auderem
560 1348 774 1402 obviam
823 1348 901 1401 ire
947 1346 1122 1401 dolori
1158 1349 1278 1416 tu0,
1323 1346 1411 1400 cui
1448 1346 1552 1400 viri
1591 1365 1806 1418 quoque

51 1447 71 1481 5
100 1425 329 1478 libenter
379 1424 603 1478 haerent
656 1426 709 1476 et
759 1422 1040 1491 incubant,
1091 1439 1191 1476 nec
1241 1439 1391 1491 spem
1441 1422 1806 1492 concepissem

101 1503 214 1553 tam
251 1499 438 1569 iniquo
476 1500 739 1569 tempore,
773 1501 886 1551 tam
918 1496 1136 1551 inimico
1169 1495 1367 1565 iudice,
1395 1498 1507 1550 tam
1538 1496 1805 1552 invidioso

102 1573 324 1629 crimine
354 1591 513 1644 posse
542 1592 628 1627 me
659 1573 892 1641 efficere,
922 1575 984 1625 ut
1014 1572 1286 1626 fortunam
1315 1574 1465 1625 tuam
1488 1571 1805 1638 absolveres.

102 1648 353 1704 fiduciam
403 1647 536 1702 mihi
585 1648 734 1702 dedit
780 1648 1117 1718 exploratum
1167 1646 1275 1701 iam
1323 1646 1488 1700 robur
1536 1647 1703 1701 animi
1753 1651 1807 1702 et

102 1741 299 1796 magno
360 1724 724 1795 experimento
786 1721 1081 1793 adprobata
1132 1722 1303 1776 virtus
1355 1724 1462 1775 tua.
1554 1739 1667 1776 uon
1726 1726 1807 1776 est
1837 1732 1864 1772 2

28 1823 73 1856 ιο
102 1798 372 1870 ignotum,
433 1798 646 1869 qualem
699 1801 753 1851 te
807 1798 863 1851 in
916 1814 1147 1867 persona
1198 1796 1367 1867 patris
1420 1796 1503 1850 tui
1563 1798 1806 1869 gesseris,

103 1891 261 1943 quem
314 1891 425 1928 non
478 1873 654 1928 minus
709 1890 869 1943 quam
918 1872 1115 1926 liberos
1165 1870 1425 1941 dilexisti,
1469 1875 1693 1942 excepto
1741 1890 1804 1927 eo

102 1947 248 2018 quod
277 1965 390 2002 non
419 1947 643 2019 optabas
675 1947 1038 2018 superstitem3
1067 1962 1168 2001 nec
1197 1946 1308 2001 scio
1340 1966 1410 2002 an
1436 1949 1491 2000 et
1514 1946 1806 2018 optaveris:

101 2022 367 2093 permittit
417 2022 560 2077 enim
613 2022 716 2077 sibi
770 2020 1031 2093 quaedam
1088 2023 1276 2076 contra
1336 2021 1540 2077 bonum
1602 2039 1802 2076 morem

101 2115 297 2170 magna
340 2097 525 2169 pietas.
603 2100 830 2152 mortem
869 2095 932 2151 A.
959 2095 1195 2151 Cremuti
1234 2094 1395 2151 Cordi
1441 2097 1678 2167 parentis
1723 2098 1805 2151 tui

27 2196 69 2231 ιι
102 2175 361 2242 quantum
421 2176 635 2243 poteras
697 2171 1001 2242 inhibuisti3
1061 2174 1347 2242 postquam
1401 2171 1501 2226 tibi
1554 2172 1806 2243 apparuit

101 2246 239 2301 inter
277 2244 589 2302 Seianianos
629 2246 884 2302 satellites
923 2246 1072 2301 illam
1110 2253 1272 2301 un'am
1310 2249 1492 2318 patere
1532 2247 1803 2302 servitutis

99 2320 309 2394 fugam,
359 2340 469 2376 non
522 2322 703 2376 favisti
757 2322 984 2376 consilio
1038 2321 1174 2390 eius,
1229 2321 1321 2375 sed
1371 2319 1565 2375 dedisti
1615 2339 1804 2375 manus

99 2395 242 2450 victa
289 2395 582 2467 fudistique
631 2396 879 2451 lacrimas
930 2394 1107 2467 palam
1157 2399 1213 2450 et
1257 2396 1488 2469 gemitus
1536 2394 1803 2451 devorasti

249 2528 311 2573 In
331 2528 415 2574 hoc
437 2528 556 2575 lt‘bro
577 2532 763 2587 praeter
786 2529 831 2574 Δ
863 2527 1033 2575 codicis
1053 2529 1332 2586 scripturam
1357 2542 1381 2574 e
1407 2527 1563 2574 Germ·
1585 2541 1802 2574 commen·

97 2588 219 2633 tau-io
247 2589 406 2634 critico
437 2588 648 2635 Ζεσοίοηα
1093 2587 1294 2635 'codicis
1316 2588 1404 2635 F
1384 2603 1416 2634 ι
1432 2602 1468 2634 e.
1488 2588 1805 2635 Laurentium·

91 2646 210 2706 plat
239 2647 695 2705 7„.,641me0X
723 2636 1071 2707 qua-'Medic
1099 2647 1563 2695 virdoctusattulit.

244 2736 275 2782 0
304 2737 495 2784 inimico
520 2739 590 2844 {a
617 2739 815 2844 m.)
723 2661 885 2783 ΜΔ
915 2737 1029 2844 “Alo
1043 2736 1341 2857 ἱιιιαροιζιύοιια
1370 2737 1506 2785 editt.
1530 2738 1700 2844 amm.
1733 2736 1803 2782 in-

95 2810 386 2915 mo·
374 2798 480 2904 ΔΛυ
514 2859 521 2917 1
556 2798 1462 2904 servitutiltxffgetimruitutiaigmnoe
1499 2802 1553 2845 ut
1712 2797 1801 2852 Δ
