2028 3106
110 922 152 955 10

109 1295 152 1327 15

110 2050 153 2083 25

229 113 312 157 AD
338 111 629 157 SERENVM
652 111 733 155 DE
759 110 1293 166 TRANQVILLITATE
1318 110 1497 156 ANIMI
1522 110 1648 157 CAP.
1669 118 1699 157 4
1765 114 1876 169 253

182 234 391 304 turpius
417 238 509 287 est.
557 251 714 303 saepe
738 234 956 304 grandis
979 236 1111 286 natu
1135 250 1296 287 senex
1315 232 1526 286 nullum
1550 233 1695 287 aliud
1717 233 1879 287 habet

182 312 578 380 argumentum,
602 326 709 378 quo
735 326 791 361 se
814 308 1005 377 probet
1029 308 1121 361 diu
1143 307 1362 374 vixisse,
1385 311 1594 376 praeter
1617 307 1878 362 aetatem.'

330 382 423 437 IV.
485 383 643 451 Mihi,
694 383 966 436 carissime
1013 381 1228 451 Serene,
1273 382 1436 435 nimis
1483 383 1694 436 videtur
1738 401 1879 438 sum-
1912 397 1935 436 1

183 457 390 512 misisse
419 457 752 527 temporibus
777 475 833 510 se
857 456 1257 522 Athenodorus,
1287 456 1448 509 nimis
1473 458 1579 510 cito
1603 458 1878 529 refugisse.

181 551 280 586 nec
334 551 435 604 ego
488 533 795 603 negaverim
850 531 1136 602 aliquando
1183 531 1498 600 cedendum,
1553 533 1644 586 sed
1684 532 1880 587 sensim

182 608 351 660 relato
397 607 567 679 gradu
614 611 668 660 et
714 607 874 660 salvis
915 607 1105 678 signis,
1152 606 1299 660 salva
1336 606 1558 659 militari
1597 607 1880 678 dignitate:

183 682 473 736 sanctiores
511 682 843 750 tutioresque
882 684 1008 734 sunt
1044 681 1289 735 hostibus
1329 679 1460 749 suis,
1501 682 1593 749 qui
1631 682 1688 735 in
1717 681 1880 735 fidem

183 774 306 810 cum
359 756 522 809 armis
567 757 805 809 veniunt.
880 755 985 810 hoc
1030 758 1163 826 puto
1202 755 1392 809 virtuti
1429 756 1734 810 faciendum
1773 759 1882 811 stu·

184 831 442 899 diosoque
494 831 733 884 virtutis:
788 831 834 884 si
878 830 1207 900 praevalebit
1251 830 1469 884 fortuna
1514 834 1566 883 et
1612 830 1883 901 praecidet
1912 844 1939 884 2

185 905 377 976 agendi
407 905 740 974 facultatem,
771 923 884 958 non
914 906 1097 959 statim
1120 923 1335 960 aversus
1359 906 1685 976 inermisque
1707 906 1884 978 fugiat

182 981 412 1034 latebras
453 998 734 1050 quaerens,
775 980 928 1049 quasi
965 981 1108 1035 ullus
1146 981 1298 1035 locus
1338 979 1428 1049 sit,
1482 979 1585 1051 [in]
1627 999 1733 1051 quo
1771 999 1884 1035 non

183 1056 356 1124 possit
401 1055 619 1108 fortuna
656 1056 927 1125 persequi,
979 1055 1071 1109 sed
1108 1055 1321 1125 parcius
1361 1074 1416 1109 se
1455 1055 1649 1109 inferat
1687 1055 1882 1110 officiis

183 1133 237 1182 et
282 1147 406 1184 cum
445 1130 644 1184 dilectu
694 1130 932 1183 inveniat
970 1130 1198 1200 aliquid,
1242 1130 1301 1184 in
1340 1149 1447 1200 quo
1487 1131 1636 1184 utilis
1677 1130 1885 1185 civitati

183 1206 266 1257 sit.
344 1205 575 1258 militare
620 1223 731 1258 non
777 1205 926 1258 licet:
972 1205 1201 1260 honores
1240 1207 1412 1275 petat3
1457 1206 1666 1275 privato
1705 1205 1884 1259 viven-
1915 1218 1941 1257 3

184 1279 311 1332 dum
350 1282 454 1333 est:
493 1280 565 1333 sit
604 1283 807 1348 orator3
845 1280 1119 1334 silentium
1156 1279 1419 1334 indictum
1459 1283 1561 1335 est:
1598 1280 1762 1334 tacita
1796 1280 1884 1333 ad·

182 1354 463 1407 vocatione
494 1354 637 1408 cives
668 1355 838 1424 iuvet3·
867 1355 1230 1424 periculosum
1253 1355 1415 1409 etiam
1439 1355 1684 1427 ingressu
1706 1355 1885 1409 forum

183 1431 286 1482 est:
338 1429 396 1481 in
450 1428 720 1497 domibus,
773 1430 830 1482 in
884 1430 1224 1499 spectaculis,
1279 1430 1337 1483 in
1382 1430 1641 1484 conviviis
1681 1431 1884 1484 bonum

183 1503 635 1572 contubernalem,
666 1504 878 1557 fidelem
915 1505 1161 1574 amicum,
1192 1508 1579 1575 temperantem
1604 1506 1885 1559 convivam

184 1581 333 1650 agat3
363 1578 543 1632 officia
574 1579 705 1632 civis
738 1579 939 1633 amisit:
970 1579 1203 1634 hominis
1234 1583 1488 1634 exerceat.
1543 1580 1663 1634 ideo
1688 1598 1884 1652 magno
1916 1592 1945 1633 4

184 1654 364 1707 animo
403 1671 502 1707 nos
540 1672 651 1707 non
688 1655 847 1707 unius
887 1654 1034 1708 urbis
1075 1655 1355 1709 moenibus
1387 1654 1666 1725 clusimus,
1706 1656 1799 1710 sed
1829 1655 1888 1708 in

184 1729 350 1782 totius
405 1729 549 1782 orbis
604 1730 987 1783 commercium
1043 1731 1316 1783 emisimus
1356 1731 1692 1800 patriamque
1728 1730 1886 1784 nobis

185 1803 443 1857 mundum
496 1804 725 1873 professi
781 1823 987 1873 sumus,
1050 1808 1112 1858 ut
1163 1805 1349 1859 liceret
1399 1806 1647 1859 latiorem
1699 1804 1888 1859 virtuti

184 1896 435 1948 campum
482 1879 606 1933 dare
697 1881 1036 1949 praeclusum
1075 1879 1176 1933 tibi
1214 1880 1452 1934 tribunal
1490 1883 1570 1934 est
1608 1883 1661 1933 et
1698 1879 1886 1934 rostris

184 1953 485 2023 prohiberis
517 1957 610 2007 aut
641 1955 898 2008 comitiis:
928 1955 1133 2024 respice
1163 1958 1288 2024 post
1318 1958 1371 2008 te
1405 1958 1663 2024 quantum
1692 1955 1888 2010 latissi-

185 2046 392 2081 marum
446 2030 727 2099 regionum
781 2032 985 2099 pateat,
1041 2033 1299 2100 quantum
1338 2031 1688 2100 populorum3
1735 2049 1888 2084 num-

186 2120 347 2172 quam
394 2103 470 2156 ita
514 2104 615 2157 tibi
661 2122 858 2175 magna
903 2123 1026 2174 pars
1075 2105 1405 2175 obstruetur,
1456 2108 1518 2158 ut
1562 2123 1673 2158 non
1718 2105 1889 2159 maior

184 2177 531 2248 relinquatur.
617 2179 710 2232 sed
763 2178 907 2248 vide,
961 2198 1029 2233 ne
1083 2183 1258 2234 totum
1305 2179 1450 2233 istud
1496 2183 1650 2233 tuum
1695 2180 1888 2234 vitium
1919 2194 1946 2234 5

186 2253 279 2322 sit3
323 2271 436 2307 non
480 2254 561 2307 vis
608 2255 751 2307 enim
797 2255 905 2308 nisi
956 2256 1146 2309 consul
1183 2258 1277 2309 aut
1314 2255 1557 2326 prytanis
1597 2258 1690 2309 aut
1727 2273 1890 2326 ceryx

333 2399 364 2444 ὅ
394 2414 481 2445 nec
505 2414 592 2458 ego
622 2402 735 2470 volq.
769 2415 828 2447 ne
853 2415 940 2458 ego
966 2403 1011 2447 A
1034 2402 1050 2461 Η
1083 2402 1107 2446 7
1132 2402 1423 2459 tutioresque
1453 2415 1548 2447 non
1570 2407 1685 2447 recte
1706 2402 1889 2448 seclusit

196 2459 266 2503 W.
295 2458 471 2505 Gemoll
500 2462 516 2519 ΙΙ
546 2459 576 2505 8
605 2463 810 2507 veniunt.
858 2460 948 2506 boc
974 2497 983 2506 .
1012 2497 1021 2506 .
1049 2497 1058 2506 .
1084 2462 1290 2507 virtutis:
1325 2461 1365 2506 si
1396 2463 1558 2519 interp.
1584 2463 1637 2506 in
1659 2462 1756 2507 edd.
1783 2467 1890 2508 ante

189 2519 446 2575 Haasium,
476 2526 531 2566 ut
567 2520 655 2565 hoc
697 2521 760 2566 ad
788 2523 1022 2578 sequentia
1053 2527 1274 2579 spectaret
1314 2521 1519 2566 veniunt.
1569 2522 1658 2566 hoc
1690 2556 1700 2567 .
1728 2556 1736 2567 .
1764 2556 1774 2567 .
1797 2521 1888 2567 vir-

188 2577 317 2623 tutis.
374 2577 424 2623 Si
464 2580 625 2626 Haase
665 2581 681 2639 ΙΙ
728 2580 758 2625 9
796 2580 1012 2639 pualeuit
1046 2583 1091 2627 A
1134 2595 1247 2627 corr.
1283 2582 1398 2640 voly.
1441 2581 1457 2641 ΙΙ
1508 2581 1563 2626 11
1603 2581 1654 2626 in
1695 2595 1780 2627 om.
1816 2592 1846 2627 ς·
1873 2581 1891 2643 ΙΙ

190 2637 250 2682 18
282 2638 492 2683 ciuitatis
517 2642 562 2686 A
594 2642 610 2699 ΙΙ
641 2640 699 2686 14
721 2640 919 2686 honores
943 2643 1078 2698 petat
1108 2656 1231 2687 umus
1254 2652 1282 2686 ς
1312 2655 1368 2687 ex
1392 2655 1504 2686 corr.
1536 2640 1890 2700 honore‘Epec·

189 2699 263 2742 tat
305 2701 466 2756 (supra
497 2714 518 2743 s
556 2702 667 2757 ras.)
703 2703 770 2755 A,
807 2702 899 2746 vid.
934 2702 1079 2757 fuisse
1120 2701 1527 2758 bonore‘zipectat
1563 2701 1580 2757 ΙΙ
1617 2701 1673 2747 17
1707 2703 1890 2759 specta-

191 2757 308 2802 culis
343 2761 388 2803 A
431 2760 553 2817 qnod
590 2761 698 2806 bene
734 2761 938 2816 defendit
976 2762 1131 2807 Hense
1167 2776 1281 2807 mus.
1315 2761 1403 2807 Ra.
1437 2761 1615 2807 XLIX
1649 2766 1888 2820 p.174sq.

191 2818 288 2862 coll.
320 2818 376 2863 de
412 2820 535 2865 clem.
562 2821 593 2865 1
618 2823 693 2875 26,
716 2825 749 2865 2
801 2823 806 2879 1
849 2821 906 2866 19
946 2821 1106 2866 amisit
1136 2832 1164 2866 ς
1204 2820 1415 2866 amiserit
1444 2822 1490 2866 A
1531 2820 1548 2880 ΙΙ
1588 2819 1649 2866 24
1683 2821 1890 2868 comittis

190 2890 303 2923 corr.
328 2879 381 2923 in
404 2879 608 2924 comitiis
632 2882 758 2926 A¹-⁸
776 2822 886 2986 &3⁴8
918 2894 1057 2939 ceryx
1082 2883 1126 2926 A
1157 2882 1277 2938 qnod
1307 2881 1510 2937 defendit
1533 2880 1670 2928 Gertz
1700 2882 1891 2928 meddix

190 2938 307 2982 coni.
338 2937 641 2996 Gotholredus
671 2955 745 2998 ap.
879 2947 1022 2987 terum
