2034 3086
56 863 100 896 1⁰

607 34 1053 82 DEIRALIB.IL
1110 34 1359 81 CAP.s.9
1765 36 1834 91 79

131 162 220 211 tur
256 158 463 229 ingenti
501 155 718 226 quidem
754 158 1025 227 nequitiae
1063 156 1374 212 certamine:
1412 157 1585 210 maior
1615 155 1835 211 cottidie

132 232 387 302 peccandi
417 230 707 301 cupiditas,
737 232 915 285 minor
943 231 1263 286 verecundia
1293 235 1396 301 est3
1430 232 1655 301 expulso
1687 231 1835 285 meli-

132 308 240 361 oris
278 306 652 376 aequiorisque
688 310 937 376 respectu
976 324 1315 376 quocumque
1346 307 1523 360 visum
1554 309 1636 360 est
1665 305 1834 360 libido

131 401 187 435 se
217 380 476 451 inpingit,
504 398 605 434 nec
635 380 835 434 furtiva
866 382 973 434 iam
1006 381 1205 435 scelera
1235 383 1383 434 sunt:
1414 384 1626 451 praeter
1648 381 1834 435 oculos

129 459 280 525 eunt,
333 454 572 525 adeoque
620 455 678 508 in
727 456 1006 525 publicum
1054 455 1219 509 missa
1265 456 1508 525 nequitia
1553 458 1635 510 est
1679 458 1734 510 et
1779 455 1836 509 in

130 531 371 585 omnium
409 531 716 600 pectoribus
755 531 977 601 evaluit,
1014 533 1078 585 ut
1115 530 1422 584 innocentia
1450 549 1562 584 non
1592 549 1712 584 rara
1744 530 1837 585 sed

127 605 279 660 nulla
334 605 418 659 sit
516 605 781 676 numquid
834 606 978 660 enim
1030 605 1232 677 singuli
1285 607 1380 659 aut
1432 606 1591 675 pauci
1643 625 1835 676 rupere

127 678 339 751 legem?
419 679 656 750 undique
716 681 866 734 velut
926 681 1081 752 signo
1144 680 1269 733 dato
1325 679 1393 733 ad
1444 679 1526 734 fas
1579 681 1835 751 nefasque

128 754 460 809 miscendum
498 755 672 808 coorti
712 758 859 808 sunt:

666 870 761 902 non
790 856 962 914 hospes
994 856 1055 902 ab
1085 856 1274 914 hospite
1304 858 1459 912 tutus,

396 929 492 961 non
521 929 654 962 socer
684 929 715 961 a
744 930 940 974 gener03
971 916 1171 962 fratrum
1202 930 1390 974 quoque
1420 916 1579 975 gratia
1609 930 1718 962 rara
1748 918 1834 963 est.

396 975 615 1021 imminet
644 977 788 1022 exitio
819 977 891 1022 vir
922 977 1158 1036 coniugis,
1190 976 1275 1022 illa
1305 977 1489 1033 mariti;

395 1034 554 1080 lurida
584 1035 822 1082 terribiles
852 1037 1055 1082 miscent
1085 1037 1276 1083 aconita
1307 1050 1557 1093 novercae3

396 1095 522 1141 filius
553 1098 665 1142 ante
697 1097 824 1142 diem
855 1098 1037 1155 patrios
1067 1097 1269 1155 inquirit
1297 1097 1350 1142 in
1380 1110 1541 1143 annos.

128 1190 182 1241 et
220 1190 387 1258 quota
424 1188 528 1242 ista
565 1207 690 1259 pars
730 1189 990 1243 scelerum
1028 1188 1146 1243 est?
1204 1207 1316 1243 non
1348 1189 1631 1259 descripsit
1661 1192 1836 1243 castra

127 1281 195 1316 ex
253 1281 362 1316 uno
424 1266 586 1333 partu
645 1263 915 1317 contraria
967 1266 1022 1316 et
1074 1263 1377 1333 parentium
1437 1264 1836 1334 liberorumque

128 1341 458 1391 sacramenta
496 1337 729 1405 diversa,
767 1337 1061 1391 subiectam
1092 1338 1296 1407 patriae
1328 1338 1461 1391 civis
1493 1357 1657 1392 manu
1687 1338 1836 1392 flam·

128 1429 271 1464 mam
302 1414 357 1464 et
386 1412 603 1483 agmina
633 1411 952 1465 infestorum
984 1413 1227 1482 equitum
1254 1412 1323 1465 ad
1345 1412 1690 1482 inquirendas
1714 1431 1836 1483 pro-

130 1485 452 1555 scriptorum
497 1486 729 1541 latebras
772 1487 1259 1541 circumvolitantia
1297 1490 1351 1542 et
1388 1487 1619 1541 violatos
1658 1487 1835 1542 fontes

129 1561 346 1614 venenis
399 1564 454 1614 et
506 1562 869 1631 pestilentiam
923 1581 1086 1616 manu
1138 1563 1337 1617 factam
1387 1565 1442 1616 et
1490 1562 1836 1633 praeductam

129 1635 358 1689 obsessis
398 1637 708 1706 parentibus
747 1637 971 1707 fossam,
1009 1638 1198 1708 plenos
1238 1656 1473 1692 carceres
1505 1642 1560 1691 et
1590 1637 1836 1692 incendia

127 1713 270 1764 totas
319 1711 477 1765 urbes
527 1712 923 1767 concremantia
969 1712 1467 1782 dominationesque
1505 1714 1743 1767 funestas
1783 1715 1837 1767 et

129 1803 416 1856 regnorum
448 1782 895 1857 publicorumque
926 1788 1214 1840 exitiorum
1242 1787 1573 1841 clandestina
1596 1788 1836 1858 consilia,

129 1863 183 1912 et
219 1879 319 1930 pro
359 1861 533 1932 gloria
570 1861 777 1931 habita,
815 1880 951 1931 quae
991 1880 1152 1931 quam
1192 1861 1285 1915 diu
1306 1862 1558 1932 opprimi
1593 1866 1838 1933 possunt,

131 1934 329 1988 scelera
366 1939 514 2004 sunt,
551 1939 738 2005 raptus
777 1954 840 1990 ac
879 1939 1067 2006 stupra
1100 1940 1154 1990 et
1183 1955 1250 1990 ne
1283 1954 1343 1990 os
1377 1936 1592 2006 quidem
1622 1936 1836 1991 libidini

130 2012 426 2078 exceptum.
488 2010 621 2063 adde
652 2028 796 2064 nunc
827 2010 1044 2080 publica
1075 2011 1309 2082 perimis
1332 2011 1575 2082 gentium
1600 2014 1653 2064 et
1676 2015 1837 2081 rupta

130 2080 344 2136 foedera
373 2087 427 2138 et
456 2085 516 2139 in
547 2084 798 2155 praedam
822 2085 1099 2140 validioris
1123 2085 1386 2157 quidquid
1415 2103 1526 2139 non
1556 2086 1836 2140 resistebat

130 2155 435 2228 abductum,
460 2160 999 2230 circumscriptiones,
1029 2160 1190 2232 furta,
1218 2160 1449 2229 fraudes,
1472 2160 1837 2231 infitiationes,

131 2231 326 2301 quibus
362 2234 506 2288 trina
542 2252 654 2288 non
692 2234 971 2288 sufficiunt
1008 2234 1139 2289 fora.
1217 2236 1263 2290 si
1305 2237 1516 2289 tantum
1556 2235 1715 2290 irasci
1753 2236 1835 2290 vis

280 2347 340 2394 1⁰
374 2349 510 2395 ovidi
538 2356 640 2397 met.
665 2353 698 2397 Ι
718 2355 805 2397 144
821 2365 887 2409 sq.

281 2438 305 2483 1
340 2437 532 2496 quidem
556 2441 660 2486 AL
690 2441 897 2499 quodam
923 2441 1183 2488 Pincianus
1209 2442 1216 2502 1
1246 2440 1422 2488 cotidie
1446 2440 1516 2487 A⁸
1546 2444 1618 2500 (co
1648 2444 1702 2489 in
1723 2446 1834 2502 ras.)

131 2497 327 2544 cottidie
357 2505 410 2545 ue
438 2500 532 2545 vid.
557 2500 626 2546 A¹
654 2500 672 2560 U
709 2500 740 2546 ὅ
762 2507 869 2560 poet
933 2500 1141 2547 ublicum
1171 2516 1264 2548 ras.
1287 2502 1341 2547 in
1363 2502 1410 2547 A
1440 2507 1526 2558 est,
1557 2504 1610 2548 in
1640 2518 1733 2561 qua
1763 2506 1836 2550 est

130 2558 211 2604 vid
241 2559 412 2615 fuiss&
433 2574 497 2605 an
520 2560 725 2606 emissa?
746 2562 764 2620 ΙΙ
788 2561 819 2607 8
842 2574 872 2606 a
909 2573 962 2606 aa
985 2561 1054 2607 A¹
1077 2565 1483 2618 cm.mam.1—2,
1506 2562 1671 2610 deinde
1692 2579 1750 2609 m.
1767 2567 1796 2609 5
1819 2564 1836 2624 ΙΙ

129 2618 161 2663 θ
190 2620 381 2678 ωανεί
416 2622 527 2666 sunt
557 2620 627 2666 A·
655 2635 712 2666 ex
742 2621 812 2667 A¹
841 2619 1073 2679 seriptum
1095 2622 1326 2679 pollucem
1355 2622 1487 2668 haec.-
1522 2636 1577 2668 co
1597 2660 1604 2669 .
1626 2659 1635 2669 .
1654 2623 1835 2668 atisunt

131 2678 284 2726 eoacti
315 2681 426 2724 nunt
456 2681 723 2739 Petschenig
754 2682 771 2740 ΙΙ
811 2681 869 2726 16
899 2694 992 2726 uno
1023 2684 1166 2739 partu
1197 2681 1463 2740 Petscheniq
1491 2696 1589 2728 una
1619 2686 1756 2741 parte
1788 2685 1834 2729 A

130 2751 227 2783 una
257 2739 414 2796 patria
444 2741 533 2786 alii
569 2741 587 2800 ΙΙ
634 2740 692 2786 18
731 2740 1036 2798 inquirendas
1070 2741 1208 2788 Gor-ts
1238 2754 1379 2797 conq-
1409 2743 1455 2787 A
1495 2742 1513 2803 ΙΙ
1553 2742 1614 2788 25
1644 2742 1834 2789 libidini

132 2798 314 2853 (ulfiam
344 2799 361 2844 i
390 2812 506 2845 corr.
531 2814 589 2846 ex
619 2803 662 2855 e)
687 2802 732 2846 A
771 2801 788 2859 ΙΙ
827 2799 886 2845 27
926 2800 976 2845 in
1014 2801 1240 2858 praedam
1271 2800 1345 2846 vol
1377 2836 1387 2845 .
1419 2802 1646 2859 praedam
1671 2805 1716 2848 A
1748 2817 1833 2861 pro

132 2858 311 2914 praeda
344 2858 482 2905 Gertz
510 2860 527 2918 ΙΙ
557 2858 617 2904 28
649 2859 907 2905 abductum
940 2861 984 2906 L
1016 2861 1276 2907 Pincianus
1371 2860 1423 2905 d·
1447 2864 1493 2908 A
