2028 3106
1356 0 1413 75 O
1439 1 1458 41 l
1483 0 1489 19 ι
1556 11 1561 34 ss
1584 0 1707 52 94,σῆ
1757 15 1799 51 ’,3,
1816 0 1825 11 ”
1845 22 1857 41 ,ς
1891 5 1909 39 ὲ

1917 74 1921 93 1

175 105 259 149 AD
285 102 576 148 SERENVM
599 104 681 148 DE
705 103 1238 158 TRANQVILLITATE
1262 105 1442 150 ΑΝἹΜΙ
1466 105 1593 151 CAP.
1621 112 1644 152 1
1688 84 1824 164 *⁴243

131 227 355 295 querulo
395 229 449 279 et
479 244 691 279 moroso
722 226 931 296 positus
966 243 1108 279 sum:
1146 244 1245 280 nec
1272 231 1494 298 aegroto
1526 246 1626 283 nec
1657 229 1822 283 valeo.

127 318 238 354 non
294 303 396 369 est,
454 300 599 370 quod
647 300 792 355 dicas
846 301 1088 354 omnium
1143 301 1425 355 virtutium
1478 306 1660 357 tenera
1708 322 1822 359 esse

126 375 414 444 principia,
450 378 692 445 tempore
730 374 838 428 illis
869 374 1243 429 duramentum
1274 379 1328 429 et
1356 376 1522 430 robur
1553 378 1823 448 accedere3

75 539 95 572 ⁵
125 467 245 577 {32¹2
266 449 1821 595 igessffloffssssffffissemfssffloessssmqffifflffl'aiigffffeffi

126 598 440 670 suffragium
480 598 647 667 venit,
692 616 842 652 mora
883 599 1252 653 convalescere
1291 631 1363 638 —
1403 603 1458 654 et
1496 619 1631 671 quae
1669 620 1821 656 veras

124 672 260 726 vires
307 675 500 743 parant
538 675 592 726 et
630 690 765 741 quae
803 673 870 726 ad
906 674 1226 743 placendum
1263 674 1388 729 fuco
1428 675 1661 744 quodam
1701 677 1822 730 sub-

124 750 341 816 ornant,
378 751 664 816 expectant
701 765 893 816 annos,
929 747 1099 802 donec
1136 749 1397 818 paulatim
1435 750 1667 805 colorem
1707 751 1822 805 diu-

121 822 351 875 turnitas
384 821 544 875 ducat
572 853 660 891 —,
693 821 786 876 sed
817 839 918 894 ego
950 841 1157 891 vereor,
1191 841 1259 876 ne
1291 825 1644 895 consuetudO,
1683 844 1819 896 quae

50 914 92 947 ιο
120 897 279 949 rebus
318 895 491 950 adfert
527 897 907 966 constantiam,
944 896 1049 951 hoc
1083 897 1275 951 vitium
1308 898 1441 953 mihi
1472 899 1631 953 altius
1663 900 1817 972 figat:

119 973 230 1024 tam
278 972 544 1025 malorum
594 990 755 1041 quam
795 972 1060 1026 bonorum
1097 973 1262 1045 longa
1300 974 1635 1027 conversatio
1675 994 1818 1029 amo-

119 1063 232 1099 rem
283 1045 472 1099 induit.
548 1045 680 1101 haec
719 1046 885 1100 animi
921 1047 1062 1100 inter
1099 1050 1386 1117 utrumque
1425 1048 1575 1102 dubii
1613 1068 1713 1104 nec
1751 1050 1817 1104 ad

118 1124 263 1174 recta
310 1120 522 1174 fortiter
566 1139 667 1175 nec
705 1121 771 1174 ad
810 1140 976 1191 prava
1013 1122 1281 1193 vergentis
1319 1123 1602 1178 infirmitas
1643 1125 1817 1195 qualis

118 1195 210 1263 sit,
254 1212 366 1248 non
410 1198 523 1249 tam
569 1196 734 1249 semel
779 1196 877 1249 tibi
925 1214 1146 1266 possum
1185 1214 1347 1266 quam
1385 1216 1481 1267 per
1518 1203 1694 1268 partes
1735 1218 1816 1254 os·

46 1286 87 1319 1⁶
116 1268 355 1339 tendere3
399 1269 573 1323 dicam
625 1288 761 1339 quae
807 1271 1052 1325 accidant
1090 1270 1248 1324 mihi:
1294 1274 1355 1324 tu
1393 1273 1581 1326 morbo
1619 1292 1817 1328 nomen

115 1344 370 1398 invenies.
432 1347 579 1398 tenet
617 1363 701 1398 me
741 1363 979 1399 summus
1019 1364 1171 1399 amor
1200 1346 1586 1416 parsimoniae,
1622 1348 1815 1402 fateor:

117 1418 294 1488 placet
329 1437 441 1472 non
477 1419 535 1472 in
573 1419 921 1473 ambitionem
961 1420 1136 1474 cubile
1175 1421 1555 1491 compositum,
1602 1441 1713 1476 non
1751 1442 1816 1477 ex

117 1494 300 1548 arcula
335 1494 547 1564 prolata
583 1495 771 1562 vestie,
806 1513 918 1548 non
948 1494 1273 1564 ponderibus
1313 1513 1375 1549 ac
1406 1496 1554 1550 mille
1584 1500 1814 1552 tormen·

115 1567 184 1622 tis
242 1568 519 1639 splendere
576 1568 892 1641 cogentibus
947 1588 1218 1639 expressa,
1275 1570 1368 1624 sed
1421 1571 1713 1627 domestica
1762 1577 1814 1627 et

40 1658 86 1693 ω
114 1642 257 1712 vilis,
302 1661 402 1698 nec
452 1648 662 1698 servata
698 1661 797 1698 nec
836 1645 1094 1699 sumenda
1131 1644 1384 1715 sollicite3
1432 1647 1610 1716 placet
1648 1647 1814 1718 cibus,

114 1734 274 1787 quem
304 1736 404 1773 nec
434 1722 625 1788 parent
654 1718 888 1772 familiae
914 1737 1013 1773 nec
1037 1722 1302 1789 spectent,
1331 1738 1442 1774 non
1466 1724 1588 1775 ante
1613 1722 1812 1777 multos

111 1791 402 1863 imperatus
441 1793 553 1848 dies
591 1811 692 1848 nec
722 1794 1016 1848 multorum
1048 1794 1292 1848 manibus
1324 1795 1681 1867 ministratus,
1720 1798 1811 1852 sed

111 1867 364 1938 parabilis
414 1868 718 1938 facilisque,
774 1868 912 1922 nihil
965 1869 1167 1923 habens
1218 1870 1456 1924 arcessiti
1509 1871 1813 1942 pretiosive‚

111 1941 336 1997 ubilibet
386 1961 499 1996 non
552 1943 853 2012 defuturus,
914 1962 1013 1998 nec
1066 1944 1390 2014 patrimonio
1444 1963 1544 2000 nec
1598 1948 1811 2017 corpori

37 2032 82 2067 ts
110 2017 312 2088 gravis,
369 2035 481 2072 non
524 2017 792 2071 rediturus
845 2036 951 2088 qua
995 2019 1296 2089 intraverit3
1346 2020 1523 2089 placet
1568 2021 1811 2076 minister

109 2091 346 2146 incultus
377 2095 432 2146 et
461 2092 609 2146 rudis
642 2093 886 2161 vernula,
916 2097 1199 2165 argentum
1231 2112 1392 2166 grave
1424 2095 1612 2150 rustici
1641 2096 1810 2166 patris

110 2166 225 2220 sine
284 2166 398 2221 ullo
458 2168 676 2222 nomine
736 2167 978 2238 artificis,
1040 2171 1094 2222 et
1154 2187 1338 2223 mensa
1389 2187 1501 2224 non
1554 2172 1810 2226 varietate

111 2241 439 2296 macularum
486 2243 777 2313 conspicua
821 2261 920 2297 nec
959 2262 1055 2313 per
1092 2244 1288 2298 multas
1329 2244 1668 2299 dominorum
1708 2247 1810 2301 ele·

110 2316 353 2387 gantiam
392 2318 752 2372 successiones
789 2318 994 2372 civitati
1024 2321 1176 2388 nota,
1216 2319 1307 2373 sed
1338 2319 1396 2373 in
1426 2338 1583 2374 usum
1617 2321 1812 2392 posita,

259 2446 283 2492 1
317 2453 424 2493 ante
454 2448 635 2505 positus
665 2465 755 2495 ras.
782 2452 833 2494 in
857 2451 902 2495 A
934 2449 1060 2507 ‘quid
1089 2463 1269 2496 erasum
1296 2453 1378 2506 sit,
1403 2453 1547 2509 plane
1570 2454 1808 2498 incertum'

110 2509 314 2564 <ego>
337 2507 520 2564 positus
544 2510 659 2554 coni.
679 2510 835 2555 Heme
856 2510 872 2566 ΙΙ
897 2509 921 2554 7
947 2508 1207 2555 subornant
1230 2511 1367 2556 Gertz
1391 2511 1707 2557 subornantur
1722 2513 1767 2558 A
1789 2513 1807 2573 ΙΙ

107 2564 138 2610 8
168 2564 313 2611 ducat
342 2568 388 2612 A
425 2567 621 2613 inducat
657 2569 865 2615 Ewsner
951 2569 1034 2613 sed
1068 2583 1154 2628 ego
1186 2571 1231 2615 A
1270 2576 1386 2617 recte
1421 2571 1489 2617 sic
1521 2585 1608 2630 ego
1644 2571 1806 2628 Genu

107 2638 190 2671 nec
219 2626 479 2673 addendum
503 2634 620 2685 puto
650 2629 794 2674 etiam
822 2635 926 2686 post
957 2630 1269 2675 constantiam
1302 2641 1404 2676 eum
1437 2633 1602 2677 Hense.
1650 2634 1805 2678 onmia

107 2690 222 2731 reete
261 2700 308 2731 se
347 2687 534 2743 habent,
576 2689 707 2734 modo
748 2703 851 2734 cum
892 2691 987 2734 ictu
1024 2690 1220 2747 quodam
1257 2690 1429 2737 dictum
1472 2706 1565 2737 esse
1602 2693 1805 2749 accipias

107 2744 196 2790 boc
218 2745 382 2791 vitium
412 2748 429 2805 Η
459 2747 515 2792 17
540 2747 799 2794 inabitioue
824 2750 867 2794 A
901 2764 1015 2794 corr.
1040 2749 1152 2808 0019.
1178 2750 1194 2806 ΙΙ
1225 2749 1283 2796 18
1306 2764 1398 2796 uon
1421 2752 1604 2797 seclusit
1631 2751 1765 2797 Gertz
1786 2752 1804 2811 ΙΙ

105 2803 166 2850 w
189 2806 418 2851 servanda
448 2809 563 2853 coni.
588 2823 627 2853 v.
653 2809 734 2854 der
761 2809 881 2854 Vliet
904 2819 920 2866 ᾖ,
945 2808 1001 2853 21
1028 2813 1196 2866 parent
1221 2845 1229 2855 .
1259 2844 1268 2854 .
1294 2813 1509 2868 spectent
1532 2814 1581 2866 (u
1604 2813 1655 2856 in
1678 2817 1801 2858 utro—

106 2878 189 2922 que
219 2866 351 2912 verbo
381 2880 416 2912 s.
439 2870 499 2923 v.)
522 2868 617 2913 Ab
635 2871 651 2896 ³
684 2870 820 2925 paret
844 2868 1026 2913 familia
1050 2882 1135 2914 uec
1159 2872 1342 2926 spectet
1375 2870 1584 2927 Gemzo‘e,
1614 2871 1693 2917 sed
1716 2872 1802 2928 cfr.

109 2923 342 2971 Gentium
372 2928 422 2972 in
451 2927 555 2973 edit.
588 2929 604 2986 11
632 2927 692 2973 28
723 2927 1008 2986 elegantium
1035 2940 1062 2973 ς
1094 2927 1363 2987 elegantum
1387 2932 1432 2975 A

1357 3021 1440 3063 16‘

1854 316 1878 356 3

1848 1364 1875 1401 5

1843 2035 1870 2075 ‘1

2012 1962 2028 2082 ἱ
