2008 3060
656 493 1299 567 PRAEFATIO.

275 634 431 703 Novi
453 650 662 701 subsidii
684 650 847 701 critici
869 649 935 699 ad
960 646 1292 698 emendandos
1319 645 1376 696 L.
1392 646 1590 697 Annaei
1613 647 1829 700 Senecae

128 728 217 793 qui
245 728 478 777 feruntur
508 725 735 791 dialogos
766 724 894 773 nihil
926 723 1101 773 affero.
1131 738 1291 787 neque
1322 722 1456 771 enim
1485 723 1606 772 novi
1636 723 1829 774 codices

126 804 180 853 in
218 803 379 852 lucem
415 817 577 866 nuper
613 800 859 865 protracti
897 801 1036 861 sunt,
1076 813 1200 863 quos
1239 796 1462 846 conferre
1500 813 1680 862 operae
1718 816 1827 863 pre-

129 878 255 929 tium
292 879 438 939 esset,
475 891 565 926 nec
604 874 787 925 codicis
818 873 1153 936 Ambrosiani,
1192 889 1341 937 quem
1370 871 1648 936 principem
1679 872 1828 923 facile

125 954 181 1003 in
227 954 306 1003 his
355 951 496 1002 libris
547 951 714 1001 locum
763 952 815 999 et
863 951 1029 999 aetate
1079 950 1130 998 et
1178 947 1403 997 bonitate
1454 947 1678 997 obtinere
1731 947 1830 997 viri

127 1028 263 1079 docti
301 1028 640 1088 consentiunt,
678 1041 810 1075 nova
847 1024 1050 1074 collatio
1088 1024 1369 1078 necessaria
1407 1037 1512 1072 esse
1550 1020 1828 1072 videbatur.

126 1105 271 1154 cuius
318 1102 502 1153 codicis
560 1117 674 1151 cum
718 1102 835 1165 post
882 1099 1173 1149 Fickertum
1219 1098 1347 1148 duae
1396 1097 1627 1161 deinceps
1677 1096 1829 1146 colla·

127 1180 290 1229 tiones
320 1177 604 1243 prodissent
632 1176 846 1226 invicem
870 1191 922 1226 se
946 1174 1234 1239 supplentes
1258 1175 1412 1238 atque
1435 1171 1829 1237 comprobantes,

128 1270 341 1319 quarum
380 1254 592 1303 alteram
629 1253 783 1314 certe,
822 1249 1142 1301 Gertzianam
1179 1248 1314 1312 dico,
1358 1250 1505 1298 tanta
1551 1263 1664 1297 cum
1709 1262 1829 1296 cura

128 1345 187 1379 ac
236 1328 503 1394 diligentia
555 1324 833 1377 confectam
888 1341 994 1377 esse
1044 1326 1278 1390 apparet,
1331 1325 1391 1374 nt
1436 1323 1581 1373 nulla
1626 1323 1729 1372 fere
1768 1322 1828 1371 de

127 1402 425 1453 lectionibus
471 1403 577 1451 eius
622 1401 873 1451 dubitatio
919 1401 1150 1463 exsistat,
1196 1398 1518 1464 supersedere
1563 1398 1688 1447 mihi
1725 1398 1830 1446 iam

125 1492 271 1540 posse
323 1475 531 1532 videbar
582 1476 744 1525 denuo
795 1491 911 1525 eum
963 1477 1214 1537 excutere,
1273 1473 1328 1523 id
1382 1473 1519 1537 quod
1569 1489 1671 1523 non
1723 1472 1830 1522 sine

126 1551 324 1615 magnis
362 1549 744 1599 difficultatibus
783 1550 893 1598 fieri
929 1564 1074 1613 posse
1117 1547 1484 1612 intellegebam.
1560 1550 1733 1612 itaque
1779 1550 1830 1597 et

125 1640 210 1675 eas
248 1624 508 1686 lectiones,
547 1639 669 1687 ques
707 1623 759 1672 in
791 1626 1040 1687 apparatu
1071 1622 1244 1672 critico
1276 1622 1450 1684 attuli,
1490 1625 1542 1671 et
1579 1639 1661 1685 ea,
1700 1638 1829 1687 quae

126 1697 188 1748 de
232 1699 344 1762 ipso
390 1697 557 1748 codice
603 1699 810 1761 eiusque
857 1696 1216 1747 correctoribus
1262 1697 1343 1746 hic
1393 1697 1495 1746 iam
1533 1696 1830 1762 proferenda

126 1776 265 1835 sunt,
310 1788 337 1822 e
375 1772 731 1821 commentario
771 1787 885 1821 cum
931 1770 1112 1821 Kochii
1150 1773 1260 1821 tum
1300 1770 1487 1822 Gertzii
1533 1772 1831 1836 deprompta

126 1862 232 1899 esse
269 1861 412 1896 scias.

276 1920 441 1971 Codex
471 1920 832 1971 Ambrosianus
864 1914 979 1988 (A),
1017 1922 1105 1986 qui
1135 1921 1410 1973 Mediolani
1438 1922 1493 1971 in
1526 1921 1830 1972 bibliotheca

127 1995 460 2046 Ambrosiam.
482 1996 666 2046 litteris
692 1994 730 2045 C
753 1999 812 2045 n⁰
838 1997 910 2046 90
934 1998 1064 2061 part.
1080 1997 1170 2046 inf.
1186 1997 1455 2063 insignitus
1478 1996 1626 2046 hodie
1650 1998 1830 2057 exstat,

127 2070 533 2121 membranaceus
564 2073 642 2122 est
671 2069 783 2120 folii
811 2071 1041 2134 minoris,
1075 2072 1144 2122 88
1177 2072 1301 2122 folia
1331 2073 1613 2133 continens,
1648 2069 1829 2134 quibus

128 2145 228 2197 duo
266 2161 367 2197 non
405 2146 470 2196 sd
507 2146 676 2210 ipsum
714 2145 934 2195 codicem
973 2146 1276 2210 pertinentia
1313 2145 1533 2210 praefixa
1569 2146 1702 2194 sunt.
1774 2144 1828 2192 ιιι

128 2220 207 2272 his
245 2220 438 2272 duobus
478 2220 614 2271 soliis
652 2219 891 2285 leguntur
928 2222 1176 2285 quaedam
1220 2219 1510 2271 recentioris
1560 2218 1827 2267 memoriae

130 2311 162 2345 a
197 2294 591 2347 bibliothecariis
628 2294 837 2359 scripta,
883 2311 910 2345 e
950 2295 1132 2360 quibus
1171 2295 1404 2359 colligere
1449 2292 1569 2341 licet
1609 2290 1827 2340 codicem

128 2370 250 2420 olim
286 2371 339 2421 in
377 2370 680 2421 bibliotheca
716 2370 1009 2420 monasterii
1040 2365 1481 2420 Montecasinensis
1517 2366 1827 2415 asservatum

128 2460 261 2495 anno
304 2446 463 2507 1583,
507 2445 673 2496 nescio
718 2460 820 2508 quo
866 2460 1007 2512 casu,
1045 2445 1097 2494 in
1136 2439 1362 2492 ‘Antonii
1405 2438 1660 2490 Francisci
1697 2439 1827 2490 Nea·

128 2521 318 2583 politae
365 2519 637 2570 caraccioli
686 2518 842 2569 Siculi
887 2522 939 2569 et
975 2511 1265 2568 amicomm'
1303 2514 1612 2578 possessione
1659 2514 1829 2578 fuisse,

128 2608 260 2643 anno
298 2593 476 2643 deinde
517 2595 661 2644 1603
701 2594 924 2644 Federici
961 2590 1252 2641 Bon-omasi
1283 2587 1566 2639 Oardinalis
1596 2588 1740 2640 iussu
1774 2589 1828 2639 ιιι

128 2666 478 2717 bibliothecam
518 2667 901 2717 Ambrosianam
940 2666 1137 2714 illatum
1176 2678 1297 2714 esse.
1358 2662 1412 2711 in
1442 2663 1604 2727 ipsius
1643 2664 1827 2715 codicis

129 2740 240 2790 folii
278 2740 426 2804 primi
466 2740 653 2805 pagina
690 2740 906 2790 secunda
942 2737 1225 2788 uncialibus
1263 2737 1445 2788 litteris
1480 2739 1636 2789 minio
1668 2738 1827 2789 nitide

129 2813 344 2864 exaratis
384 2814 528 2863 index
567 2829 737 2863 eorum
776 2813 1016 2862 librorum
1056 2811 1292 2876 Senecae,
1338 2828 1463 2877 quos
1510 2813 1662 2864 codex
1714 2829 1827 2863 con-
