2028 3106
168 125 252 170 AD
277 122 568 171 SERENVM
589 122 671 167 DE
696 122 1228 178 TRANQVILLITATE
1245 121 1424 167 ANIMI
1449 119 1573 166 CAP.
1595 126 1649 166 15
1719 123 1828 178 273

139 247 322 316 fiebat,
368 246 459 300 ille
494 243 724 311 ridebat,
769 244 895 298 huic
934 246 1114 299 omnia
1152 263 1286 315 quae
1323 243 1532 315 agimus
1571 243 1831 312 miseriae,

139 322 220 374 illi
258 320 491 390 ineptiae
526 317 855 372 videbantur.
918 320 1174 373 elevanda
1209 336 1337 391 ergo
1377 318 1558 372 omnia
1595 321 1648 371 et
1685 317 1834 372 facili

139 396 318 448 animo
377 392 615 448 ferenda:
674 392 959 447 humanius
1021 397 1103 448 est
1162 393 1398 447 deridere
1451 392 1617 446 vitam
1673 409 1833 461 quam

139 469 429 539 deplorare.
527 467 677 522 adice
742 467 886 537 quod
948 468 1012 522 de
1071 467 1305 522 humano
1368 484 1580 537 quoque
1641 485 1834 538 genere
1864 481 1891 520 3

89 561 108 593 ε
140 544 332 597 melius
382 545 615 597 moretm
663 542 757 611 qui
806 542 944 595 ridet
993 543 1129 596 illud
1178 560 1339 612 quam
1390 542 1484 612 qui
1521 543 1692 613 luget:
1742 541 1835 594 ille

140 618 188 671 ei
228 618 341 688 spei
378 618 550 671 bonae
588 615 791 685 aliquid
830 617 1107 686 relinquit,
1145 617 1235 671 hic
1271 619 1450 670 autem
1482 618 1644 670 stulte
1676 615 1836 670 deflet

141 710 276 761 quae
315 691 513 777 corrigi
549 708 707 776 posse
746 690 1012 761 desperat3
1067 695 1120 745 et
1164 690 1412 745 universa
1450 690 1837 761 contemplanti

140 767 359 820 maioris
419 765 586 820 animi
646 768 728 818 est
788 765 882 834 qui
941 766 1109 819 risum
1168 783 1279 820 non
1328 769 1478 819 tenet
1529 784 1690 836 quam
1745 764 1838 835 qui

139 841 412 910 lacrimas,
449 838 661 910 quando
699 840 1033 893 lenissimum
1071 839 1340 895 adfectum
1377 840 1543 894 animi
1573 843 1754 894 movet
1784 842 1839 894 et

66 933 110 966 ιο
139 915 278 969 nihil
315 933 592 986 magnum,
629 914 769 968 nihil
806 933 1071 985 severum,
1119 933 1188 969 ne
1225 914 1479 968 miserum
1520 914 1735 984 quidem
1773 932 1840 968 ex

139 993 291 1043 tanto
352 992 543 1061 paratu
602 992 772 1059 putat.
864 989 1077 1060 singula
1136 992 1356 1060 propter
1409 1006 1544 1059 quae
1596 989 1725 1043 laeti
1777 1006 1840 1042 ac
1868 1002 1899 1041 4

140 1064 320 1118 tristes
374 1082 557 1119 sumus
612 1064 715 1118 sibi
769 1064 996 1134 quisque
1049 1066 1317 1134 proponat
1368 1065 1423 1117 et
1473 1063 1604 1118 sciet
1651 1081 1839 1117 verum

140 1157 256 1193 esse
287 1138 433 1209 quod
461 1137 602 1192 Bion
632 1138 789 1191 dixit:
822 1139 1004 1192 omnia
1026 1139 1305 1192 hominum
1327 1139 1546 1210 negotia
1568 1138 1842 1193 simillima

141 1214 309 1267 initiis
356 1231 470 1267 esse
522 1230 622 1266 nec
666 1213 833 1266 vitam
880 1214 1098 1267 illorum
1144 1213 1316 1300 magis
1354 1217 1593 1267 sanctam
1632 1215 1727 1266 aut
1764 1230 1842 1267 se-

68 1305 110 1338 1⁶
140 1307 321 1342 veram
371 1306 486 1341 esse
541 1305 702 1356 quam
753 1292 1095 1359 conceptum,
1144 1290 1205 1342 in
1251 1287 1478 1342 nihdum
1521 1287 1745 1342 recidere
1780 1288 1843 1342 de

140 1363 311 1416 nihilo
349 1365 520 1415 natos.
583 1362 676 1416 sed
715 1363 883 1417 satius
923 1366 1005 1416 est
1027 1362 1288 1447 ‘publicos
1318 1380 1494 1417 mores
1526 1366 1579 1416 et
1608 1362 1844 1415 humana
1873 1375 1901 1415 5

141 1437 275 1490 vitia
323 1435 533 1506 placide
582 1437 824 1506 accipere
873 1456 973 1491 nec
1022 1437 1079 1491 in
1129 1437 1298 1491 risum
1344 1454 1446 1491 nec
1493 1437 1550 1490 in
1594 1436 1843 1490 lacrimas

142 1511 498 1579 excidentem3
534 1530 661 1565 nam
700 1511 888 1565 alienis
927 1512 1083 1565 malis
1115 1511 1355 1582 torqueri
1385 1514 1600 1566 aeterna
1630 1511 1846 1565 miseria

0 1598 6 1663 ζ
143 1591 249 1656 est,
297 1586 484 1640 alienis
535 1586 788 1640 delectari
839 1587 994 1640 malis
1041 1587 1292 1672 voluptas
1342 1586 1656 1656 inhumana,
1706 1587 1846 1641 sicut

0 1711 3 1732 Ι
69 1677 114 1710 so
143 1662 239 1715 illa
276 1662 483 1715 inutilis
520 1661 827 1715 humanitas
867 1662 1018 1731 flere,
1058 1662 1185 1731 quia
1214 1662 1409 1732 aliquis
1440 1662 1615 1715 filium
1646 1661 1844 1730 efferat,

0 1738 4 1787 ἱ
143 1739 198 1790 et
250 1735 483 1790 frontem
533 1755 684 1790 suam
733 1736 949 1808 fingere.
1033 1737 1091 1789 in
1140 1735 1250 1791 suis
1301 1754 1515 1807 quoque
1564 1736 1721 1790 malis
1770 1736 1847 1789 ita
1878 1749 1904 1789 6

143 1828 326 1882 gerere
383 1829 440 1864 se
498 1814 738 1882 oportet,
797 1815 859 1864 ut
916 1811 1091 1865 dolori
1151 1814 1362 1865 tantum
1413 1811 1528 1880 des,
1585 1812 1847 1880 quantum

142 1888 338 1939 natura
367 1886 567 1955 poscit,
602 1904 714 1940 non
746 1889 1004 1955 quantum
1037 1886 1390 1955 consuetud03
1427 1885 1672 1956 plerique
1703 1885 1847 1939 enim

142 1960 389 2014 lacrimas
420 1959 677 2030 fundunt,
714 1965 776 2014 ut
807 1960 1110 2028 ostendant,
1142 1964 1197 2014 et
1226 1961 1425 2014 totiens
1457 1961 1627 2014 siccos
1660 1961 1845 2014 oculos

70 2050 115 2083 ιο
143 2034 363 2103 habent,
403 2036 650 2104 quotiens
690 2039 957 2106 spectator
994 2034 1185 2104 defuit,
1223 2038 1380 2105 turpe
1410 2035 1706 2090 iudicantes
1736 2052 1849 2089 non

293 2165 324 2212 8
346 2166 496 2211 uitam
514 2168 559 2212 A
583 2167 701 2212 vitia
718 2167 856 2214 Gertz
878 2169 894 2227 ΙΙ
916 2167 946 2212 6
970 2168 1012 2213 ei
1031 2167 1170 2213 Gertz
1193 2168 1300 2213 etA
1322 2170 1327 2222 Ι
1350 2169 1508 2212 autem
1531 2168 1646 2226 volq
1673 2166 1850 2227 autAss

148 2225 174 2271 7
197 2240 275 2271 un,
302 2225 641 2284 contemplanti
664 2229 830 2285 scripsi
851 2228 1073 2273 uniuersa
1097 2229 1279 2272 contem
1284 2226 1407 2285 plat3
1432 2228 1478 2273 A
1502 2227 1716 2272 universe
1740 2240 1849 2272 con-

146 2287 276 2343 temp
278 2285 398 2331 lanti
422 2288 558 2344 Lipet
559 2301 616 2332 us
637 2288 653 2346 ΙΙ
675 2286 705 2332 9
729 2287 1018 2332 leuissimum
1035 2290 1080 2334 A
1105 2287 1224 2345 quod
1246 2289 1349 2345 ipsa
1371 2302 1428 2333 m.
1450 2292 1475 2332 1
1499 2288 1551 2332 in
1576 2286 1729 2333 leniss.
1755 2286 1847 2331 vid.

147 2358 262 2391 corr.
285 2347 302 2404 ΙΙ
333 2345 391 2391 10
414 2360 463 2392 se
486 2360 650 2392 uerum
675 2348 721 2392 A
746 2348 916 2392 serium
944 2348 1113 2394 Madm‘
1162 2346 1179 2406 ΙΙ
1202 2346 1261 2392 15
1285 2348 1393 2403 <ιιι
1417 2346 1614 2391 nihilum
1642 2346 1850 2392 recidere

148 2404 266 2461 de>
294 2405 442 2451 nihilo
475 2409 624 2451 natos.
668 2407 762 2452 Bw
764 2407 919 2453 cheler
948 2408 1076 2464 apud
1156 2421 1259 2452 ense
1281 2407 1453 2465 proleg.
1479 2408 1532 2452 in
1561 2407 1723 2453 Teletis
1754 2407 1847 2451 rell.

145 2478 192 2523 p.
229 2464 459 2511 LXXIX
505 2467 611 2511 adn.
652 2471 677 2511 1
717 2466 891 2511 nichilo
931 2470 1035 2521 nat3
1113 2468 1158 2512 A
1201 2466 1344 2525 vigile
1375 2469 1513 2511 nocte
1551 2467 1653 2512 Joh.
1679 2466 1852 2511 Mamer

149 2537 176 2570 e
205 2523 350 2569 titillo
382 2527 545 2570 natum
574 2526 799 2572 Schultess
835 2529 851 2586 Η
890 2526 947 2572 19
978 2526 1249 2571 inhumana,
1298 2526 1430 2571 Sicut
1460 2526 1544 2571 illa
1568 2527 1659 2571 A.
1692 2540 1849 2583 quam·

149 2598 286 2641 quam
329 2585 661 2631 concedendum
702 2600 814 2631 same
856 2592 921 2631 est
961 2587 1097 2632 verba
1143 2586 1267 2631 sicut
1303 2585 1388 2631 illa
1433 2600 1573 2643 mque
1615 2586 1679 2631 ad
1714 2587 1852 2642 finem

150 2657 248 2700 cap.
275 2643 381 2689 XV
403 2645 520 2691 male
549 2646 783 2692 cohaerere
813 2652 855 2691 et
885 2660 988 2692 cum
1018 2648 1084 2692 eis
1113 2660 1228 2704 quae
1252 2646 1536 2704 praecedwnt
1566 2651 1608 2691 et
1634 2659 1736 2691 cum
1760 2650 1852 2691 toto

146 2716 207 2760 pr
387 2719 515 2759 ‚nec
544 2711 696 2751 tamen
725 2720 763 2751 v.
791 2706 956 2751 sicut.
1021 2706 1231 2777 ..fingere
1262 2721 1363 2751 cum
1397 2706 1466 2751 W
1494 2705 1669 2751 Gemoll
1700 2706 1853 2751 tollere

152 2777 182 2807 a
248 2776 299 2808 eo
328 2778 411 2808 nec
441 2778 543 2809 eum
568 2765 752 2811 Gertzio
784 2766 977 2811 lacwnae
1007 2768 1190 2825 signum
1218 2780 1388 2824 ponere
1412 2755 1528 2823 post'
1548 2765 1807 2810 inhumana
1835 2765 1853 2825 ΙΙ

150 2820 212 2867 2⁰
253 2824 325 2867 est
360 2829 467 2881 post
503 2824 774 2870 humanitas
817 2826 922 2871 add.
962 2826 1173 2881 Gemz6e,
1214 2826 1292 2872 sed
1329 2826 1412 2882 cfr.
1450 2826 1504 2871 de
1541 2825 1662 2871 clem.
1698 2827 1730 2871 1
1755 2828 1799 2880 2,
1821 2827 1853 2870 2

153 2883 221 2939 (p.
251 2885 356 2937 221,
382 2890 408 2929 5
442 2884 575 2939 Hos.)
605 2883 711 2942 1128
741 2887 912 2931 natura
939 2886 1046 2931 add.
1076 2885 1212 2932 Gertz
1242 2885 1340 2932 coll.
1366 2886 1478 2931 dial
1507 2885 1578 2931 VI
1604 2889 1698 2941 7,1
1730 2884 1852 2930 ratio

154 2941 314 2988 Hune
342 2942 443 2999 ipse
475 2943 664 2990 Gemo‘e

242 3031 436 3069 emen
457 3036 826 3071 orm1.1.0d.11
836 3045 1000 3070 oooooo
1438 3040 1491 3081 18
