2034 3086
190 44 262 97 80
518 42 567 86 L.
593 6 832 86 ANNAEi
863 39 1138 87 SENECAE
1170 40 1569 87 DIAL.L1B.1V.

189 162 507 231 sapientem,
563 165 824 231 quantum
883 163 1143 216 scelerum
1196 161 1490 232 indignitas
1544 163 1735 233 exigit,
1786 182 1897 216 non

189 236 525 290 irascendum
563 237 645 289 illi
685 237 777 290 sed
816 236 1191 290 insaniendum
1230 239 1324 289 est.

337 325 401 378 X.
463 324 606 378 Illud
656 326 839 394 potius
890 326 1177 396 cogitabis,
1230 343 1342 377 non
1395 343 1508 379 esse
1563 325 1897 379 irascendum

189 401 471 453 erroribus,
562 399 693 468 quid
745 401 912 466 enim,
966 401 1012 453 si
1067 400 1188 469 quis
1242 399 1502 451 irascatur
1555 401 1613 454 in
1664 400 1896 453 tenebris

187 491 377 544 parum
416 474 646 544 vestigia
684 478 828 527 certa
865 474 1228 545 ponentibus?
1294 473 1447 542 quid,
1486 474 1531 526 si
1570 476 1691 544 quis
1724 474 1896 529 surdis

188 550 413 619 imperia
449 567 561 601 non
600 550 1043 603 exaudientibus?
1109 548 1263 619 quid,
1300 548 1346 600 si
1384 548 1586 618 pueris,
1627 549 1772 619 quod
1809 568 1897 602 ne-

189 624 366 694 glecto
399 623 643 692 dispectu
675 623 980 677 officiorum
1011 624 1078 677 ad
1104 625 1255 678 lusus
1280 626 1333 676 et
1356 623 1568 691 ineptos
1594 624 1898 693 aequalium

188 699 336 752 iocos
388 697 667 767 spectent?
743 699 896 768 quid,
947 699 992 752 si
1043 699 1151 752 illis
1202 698 1360 751 irasci
1407 697 1564 764 velis,
1600 700 1712 765 qui,
1753 699 1898 768 quod

189 774 470 843 aegrotant
509 777 814 842 senescunt,
851 773 1185 844 fatigantur?
1270 773 1409 824 inter
1448 774 1623 824 cetera
1661 774 1898 826 mortali-

188 848 314 900 tatis
346 846 688 899 incommoda
719 850 772 899 et
801 848 907 901 11οο
938 851 1042 917 est,
1074 848 1249 918 caligo
1282 846 1542 899 mentium
1566 864 1665 899 nec
1688 850 1898 900 tantum

187 921 475 974 necessitas
515 920 726 972 errandi
766 922 858 974 sed
896 941 1137 975 errorum
1178 939 1341 975 amor.
1417 939 1485 972 ne
1532 920 1759 989 singulis
1798 922 1898 973 ira-

190 995 376 1063 scaris,
413 994 677 1047 universis
710 995 1096 1065 ignoscendum
1128 999 1232 1065 est,
1263 995 1445 1067 generi
1475 994 1710 1046 humano
1743 996 1899 1047 venia

187 1068 471 1122 tribuenda
509 1071 602 1122 est.
682 1069 727 1121 si
766 1069 1008 1124 irasceris
1047 1072 1330 1124 iuvenibus
1371 1069 1714 1137 senibusque,
1754 1069 1898 1136 quod

188 1146 436 1212 peccant,
485 1143 711 1196 irascere
757 1147 803 1196 et
848 1144 1166 1199 infantibus:
1212 1144 1486 1215 peccaturi
1532 1145 1670 1195 sunt.
1746 1160 1898 1194 num-

190 1218 310 1286 quis
342 1217 591 1270 irascitur
621 1217 819 1286 pueris,
850 1236 1079 1286 quorum
1105 1222 1250 1273 aetas
1280 1217 1521 1271 nondum
1544 1217 1699 1269 novit
1720 1234 1897 1268 rerum

190 1290 534 1346 discrimina?
609 1292 781 1344 maior
831 1294 914 1344 est
962 1295 1235 1347 excusatio
1288 1296 1341 1346 et
1387 1292 1580 1345 iustior
1625 1290 1898 1344 hominem

189 1385 303 1420 esse
355 1385 516 1436 quam
567 1384 808 1435 puerum.
886 1366 988 1420 hac
1035 1369 1351 1423 condicione
1389 1367 1503 1420 nati
1544 1384 1726 1419 sumus
1735 1407 1749 1434 ,
1789 1365 1898 1417 ani-

190 1442 351 1495 malia
401 1441 634 1495 obnoxia
682 1459 794 1493 non
847 1441 1192 1510 paucioribus
1244 1442 1408 1495 animi
1456 1460 1617 1511 quam
1658 1440 1898 1510 corporis

190 1517 415 1586 morbis,
467 1535 578 1569 non
629 1514 845 1584 quidem
901 1515 1094 1570 obtusa
1141 1535 1243 1570 nec
1291 1516 1467 1586 tarda,
1517 1515 1609 1569 sed
1655 1515 1898 1569 acumine

188 1595 375 1645 nostro
431 1592 570 1645 male
623 1590 852 1656 utentia,
915 1589 1049 1642 alter
1106 1591 1261 1644 alteri
1314 1591 1570 1650 vitiorum
1633 1589 1898 1658 exempla:

190 1666 434 1735 quisquis
486 1666 729 1735 sequitur
777 1664 981 1734 priores
1032 1665 1171 1717 male
1220 1666 1322 1719 iter
1371 1666 1663 1736 ingressos,
1712 1662 1899 1733 quidni

189 1740 384 1792 habeat
433 1741 855 1807 excusationem,
904 1756 1026 1791 cum
1076 1738 1295 1807 publica
1343 1740 1431 1792 via
1477 1739 1767 1792 erraverit?
1843 1738 1900 1788 in

191 1813 432 1883 singulos
466 1816 718 1868 severitas
751 1812 1089 1883 imperatoris
1122 1811 1487 1884 destringitur,
1517 1817 1573 1867 at
1602 1811 1900 1867 necessaria

189 1888 347 1941 venia
382 1891 484 1955 est,
514 1890 607 1942 ubi
638 1893 787 1943 totus
820 1887 1053 1941 deseruit
1084 1887 1361 1940 exercitus.
1426 1887 1557 1956 quid
1587 1888 1734 1941 tollit
1764 1887 1898 1939 iram

191 1962 484 2031 sapientis?
538 1964 697 2016 turba
726 1962 1088 2033 peccantium:
1119 1961 1388 2031 intellegit
1419 1980 1580 2030 quam
1612 1965 1666 2014 et
1696 1963 1896 2014 inicum

192 2037 263 2089 sit
293 2040 347 2089 et
377 2037 738 2105 periculosum
770 2038 927 2091 irasci
959 2035 1178 2106 publico
1211 2034 1360 2087 vitio.
1420 2035 1728 2089 Heraclitus
1769 2052 1898 2104 quo-

341 2197 370 2242 8
411 2197 758 2255 iocosspectent
798 2199 845 2243 A
900 2199 1062 2256 (prior.
1108 2211 1130 2240 s
1172 2210 1207 2241 8.
1232 2209 1273 2240 v.
1297 2195 1405 2240 add.
1430 2210 1487 2240 m.
1511 2198 1558 2253 2)
1610 2197 1616 2256 Ι
1667 2194 1896 2253 <qui‚>

192 2257 319 2313 quod
362 2258 614 2315 aegrotant
656 2260 927 2314 senescunt,
967 2256 1234 2314 fatigantur
1262 2255 1430 2311 scripsi
1460 2256 1587 2312 quod
1620 2254 1898 2313 aegrotant?

193 2320 470 2362 senescunt?
502 2317 798 2374 fatigantur?
822 2318 869 2362 A
901 2317 984 2373 qui
1016 2315 1237 2374 egrotant
1267 2327 1301 2358 s,
1328 2312 1359 2358 f.
1385 2315 1430 2359 L
1462 2315 1565 2372 qui,
1598 2316 1711 2359 dum
1734 2324 1897 2369 aegro-

190 2377 298 2419 tant
330 2379 414 2420 aut
444 2378 714 2432 senescunt,
746 2375 831 2420 fat.
860 2376 997 2422 Gertz
1028 2374 1156 2433 quod
1187 2372 1371 2431 aegroti
1403 2376 1487 2418 aut
1517 2388 1651 2420 senes
1683 2372 1836 2417 eundo
1864 2369 1896 2413 f.

193 2435 446 2491 Schultess;
476 2438 565 2481 alii
594 2438 646 2481 in
670 2437 945 2492 pronomine
974 2436 1071 2480 illis
1102 2437 1242 2480 latere
1263 2433 1427 2477 vitium
1450 2435 1668 2479 arbitrati
1689 2445 1778 2489 pro
1802 2429 1899 2473 illis

192 2495 308 2539 coni.
326 2494 437 2539 ullis
457 2497 674 2553 (Vahlen)
695 2494 930 2539 inbecillis
947 2496 1117 2552 (Koch)
1135 2492 1329 2539 servulis
1345 2493 1415 2537 vel
1430 2493 1616 2538 ancillis
1633 2491 1899 2549 (Karsten),-

191 2554 270 2599 sed
300 2554 384 2609 cfr.
420 2555 654 2601 Gertz-ium
694 2557 747 2600 in
788 2554 893 2599 edit.
937 2554 954 2613 ΙΙ
994 2555 1054 2600 13
1090 2551 1346 2599 tribuenda
1372 2553 1434 2607 A,
1463 2553 1544 2598 sed
1574 2566 1604 2597 a
1635 2565 1691 2597 ea:
1718 2553 1751 2593 fi
1781 2562 1896 2592 corr.

191 2614 297 2669 fort.
323 2628 381 2658 m.
409 2618 435 2657 1
477 2614 493 2673 ΙΙ
534 2614 594 2660 14
626 2616 674 2660 et
703 2614 810 2659 add.
845 2614 982 2658 Gertz
1029 2615 1034 2673 Ι
1080 2619 1188 2660 ante
1224 2612 1468 2668 peccaturi
1498 2612 1570 2658 A⁶
1598 2617 1653 2656 ut
1680 2608 1770 2654 vid.
1794 2621 1829 2651 8.
1854 2621 1895 2675 32.

194 2672 321 2730 quod
363 2673 486 2728 add„
524 2676 578 2718 in
615 2679 829 2720 contextu
858 2674 1027 2718 habent
1055 2675 1100 2718 L
1133 2679 1175 2718 et
1203 2672 1316 2729 voly.
1362 2670 1379 2729 ΙΙ
1423 2671 1476 2716 17
1517 2671 1722 2716 oditione
1746 2666 1816 2712 A⁶
1845 2682 1900 2734 223,

192 2747 283 2778 ras.
316 2746 373 2777 ex
402 2732 472 2777 A¹
500 2735 733 2790 scriptura
763 2738 943 2778 tantum
968 2747 993 2777 c
1017 2739 1060 2778 et
1082 2747 1108 2778 e
1132 2731 1445 2789 dispiciuntur
1472 2731 1489 2791 Η
1520 2730 1580 2775 20
1611 2729 1731 2774 alter
1758 2725 1897 2770 alten

195 2793 358 2837 Muret
398 2790 550 2836 altera
592 2793 731 2838 alteri
760 2794 807 2838 A
847 2791 998 2836 altera
1037 2793 1201 2838 alteris
1232 2791 1394 2836 Haase
1434 2790 1451 2850 ΙΙ
1490 2789 1551 2834 23
1589 2785 1899 2843 destringitur

196 2852 394 2909 Madvig
425 2851 541 2895 dist-
571 2853 618 2897 A

1930 866 1973 898 10

1931 1234 1973 1266 15

1929 1605 1974 1638 20

1928 1975 1972 2008 25
