2034 3086
160 418 182 457 1

222 31 330 85 144
558 29 609 74 L.
634 14 872 74 ANNAEI
904 29 1179 76 SENECAE
1211 31 1505 78 DIAL.L113.
1531 32 1586 77 v.

219 149 349 219 quid
399 167 527 221 ergo
575 150 722 205 aliud
768 154 870 220 est,
914 151 1059 220 quod
1098 153 1221 206 illos
1261 153 1318 205 in
1355 153 1572 221 publico
1612 173 1723 209 non
1762 157 1924 211 offen-

218 225 331 294 dat,
371 224 518 278 domi
556 229 792 295 moveat,
831 243 992 294 quam
1032 227 1216 297 opinio
1257 226 1369 280 illic
1407 245 1577 298 aequa
1615 234 1669 284 et
1700 232 1922 300 patiens,

218 298 364 352 domi
402 317 617 354 morosa
655 304 709 354 et
748 299 1008 369 querula?

366 401 614 458 XXXVI.
671 401 869 457 Omnes
910 422 1094 459 sensus
1134 404 1459 476 perducendi
1498 411 1624 462 sunt
1661 409 1728 463 ad
1760 409 1922 462 firmi·

215 480 405 547 tatem3
443 482 635 532 natura
673 478 937 548 patientes
978 484 1127 550 sunt,
1166 481 1216 535 si·
1242 479 1452 533 animus
1485 480 1611 536 illos*
1640 484 1778 538 desit
1809 503 1922 539 cor-

215 571 487 623 rumpere,
525 554 619 624 qui
658 551 854 607 cotidie
893 553 960 607 ad
997 556 1260 610 rationem
1298 553 1619 618 reddendam
1651 558 1922 614 vocandus

215 630 309 682 est.
371 627 602 683 faciebat
639 628 744 681 hoc
783 625 1019 699 Sextius,
1058 634 1120 684 ut
1159 632 1528 684 consummato
1568 630 1674 702 die,
1711 652 1834 688 cum
1867 653 1922 688 se

216 703 283 756 ad
320 706 640 758 nocturnam
681 701 915 771 quietem
953 706 1261 776 recepisset,
1300 704 1654 774 interrogaret
1684 710 1922 763 animum

215 796 394 831 suum:
474 776 645 846 ‘quod
695 776 855 829 hodie
902 778 1103 833 malum
1150 784 1303 834 tuum
1351 778 1586 832 sanasti?
1662 783 1749 834 cui
1787 784 1920 838 vitio

215 851 510 906 obstitisti?
587 869 694 920 qua
740 854 891 920 parte
934 855 1124 908 melior
1163 853 1281 909 es?'
1357 852 1563 906 desinet
1602 854 1681 907 ira
1719 859 1773 910 et
1811 877 1921 912 mo-

214 927 448 979 deratior
498 925 621 994 erit,
671 943 808 994 quae
859 926 991 981 sciet
1037 929 1140 983 sibi
1186 928 1382 983 cotidie
1428 927 1495 980 ad
1537 927 1767 983 iudicem
1807 949 1920 986 esse

213 999 547 1053 veniendum.
615 999 903 1069 quicquam
935 1020 1063 1074 ergo
1095 1003 1373 1074 pulchrius
1404 1001 1506 1056 hac
1537 1005 1919 1059 consuetudine

213 1073 517 1127 excutiendi
566 1076 742 1127 totum
794 1074 971 1129 diem?
1047 1079 1221 1148 qualis
1272 1078 1363 1131 ille
1415 1094 1633 1130 somnus
1679 1081 1805 1147 post
1842 1098 1919 1133 re-

213 1147 579 1218 cognitionem
612 1149 695 1201 sui
728 1149 990 1220 sequitur,
1023 1171 1185 1222 quam
1216 1150 1560 1221 tranquillus,
1593 1169 1754 1220 quam
1778 1152 1918 1207 altus

213 1239 276 1275 ac
320 1221 477 1290 liber,
525 1239 648 1275 cum
695 1225 789 1276 aut
825 1223 1072 1292 laudatus
1112 1231 1194 1281 est
1232 1227 1440 1281 animus
1482 1228 1575 1278 aut
1613 1225 1918 1282 admonitus

213 1300 267 1350 et
306 1294 611 1366 speculator
650 1297 732 1350 sui
773 1315 1066 1370 censorque
1106 1306 1338 1356 secretus
1379 1299 1634 1370 cognovit
1665 1300 1729 1354 de
1760 1302 1919 1356 mori-

212 1371 312 1426 bus
361 1371 493 1425 suis!
570 1374 695 1425 utor
736 1371 838 1426 hac
876 1377 1141 1442 potestate
1180 1380 1234 1431 et
1272 1374 1466 1430 cotidie
1506 1377 1637 1444 aput
1675 1393 1759 1429 me
1798 1394 1916 1430 cau-

213 1465 327 1501 sam
382 1446 517 1501 dic0.
596 1464 719 1500 cum
770 1447 1039 1503 sublatum
1092 1470 1120 1505 e
1172 1452 1461 1520 conspectu
1509 1448 1694 1503 lumen
1740 1454 1820 1505 est
1866 1456 1920 1505 et

213 1522 475 1577 conticuit
528 1539 666 1575 uxor
719 1522 883 1575 moris
939 1524 1045 1580 iam
1100 1527 1205 1580 mei
1259 1524 1494 1591 conscia,
1547 1526 1723 1578 totum
1778 1526 1918 1579 diem

212 1615 391 1651 meum
446 1599 658 1651 scrutor
709 1595 957 1667 factaque
1008 1618 1070 1655 ac
1116 1601 1260 1655 dicta
1304 1617 1422 1653 mea
1458 1599 1732 1668 remetior;
1781 1599 1919 1653 nihil

212 1669 347 1724 mihi
397 1672 513 1742 ipse
561 1670 829 1726 abscondo
838 1713 852 1740 ,
899 1673 1037 1726 nihil
1082 1678 1308 1730 transeo.
1388 1690 1550 1741 quare
1589 1674 1731 1725 enim
1772 1675 1917 1742 quic-

213 1763 375 1814 quam
425 1765 491 1800 ex
541 1745 810 1800 erroribus
858 1748 989 1801 meis
1029 1750 1269 1819 timeam,
1316 1766 1437 1802 cum
1477 1747 1681 1816 possim
1722 1747 1916 1802 dicere:

213 1818 360 1872 ‘vide
404 1838 473 1874 ne
519 1821 665 1876 istud
714 1819 944 1890 amplius
992 1823 1180 1893 facias,
1226 1841 1370 1878 nunc
1407 1821 1508 1875 tibi
1546 1821 1782 1892 ignosco.
1861 1823 1918 1877 in

212 1894 307 1947 illa
345 1894 708 1964 disputatione
739 1897 1037 1967 pugnacius
1069 1900 1282 1954 locutus
1315 1916 1392 1951 es:
1430 1895 1544 1949 noli
1576 1899 1762 1966 postea
1794 1915 1916 1952 con-

212 1967 365 2038 gredi
417 1987 540 2024 cum
594 1971 881 2040 imperitis3
941 1973 1136 2027 nolunt
1190 1975 1413 2039 discere,
1475 1971 1567 2040 qui
1621 1990 1915 2043 numquam

211 2041 525 2097 didicerunt.
612 2046 765 2098 illum
815 2043 1034 2100 liberius
1086 2045 1411 2102 admonuisti
1462 2063 1623 2114 quam
1674 2047 1915 2117 debebas,

211 2117 392 2186 itaque
442 2136 553 2172 non
603 2119 925 2188 emendasti,
970 2122 1067 2174 sed
1116 2120 1406 2177 offendisti:
1461 2119 1524 2172 de
1565 2124 1739 2175 cetero
1779 2123 1916 2190 vide,

210 2210 322 2245 non
370 2194 581 2248 tantum
631 2213 701 2249 an
746 2212 931 2248 verum
973 2196 1044 2248 sit
1084 2198 1227 2266 quod
1267 2195 1419 2262 dicis,
1461 2195 1553 2248 sed
1590 2214 1660 2249 an
1699 2196 1790 2250 ille
1829 2197 1914 2249 cui

210 2265 408 2320 dicitur
444 2268 558 2321 veri
596 2270 805 2339 patiens
846 2269 939 2337 sit;
978 2270 1252 2326 admoneri
1291 2271 1462 2325 bonus
1502 2270 1719 2340 gaudet,
1752 2271 1914 2340 pessi-

211 2358 329 2394 mus
371 2341 597 2411 quisque
635 2347 896 2398 rectorem
935 2347 1224 2413 asperrime
1263 2345 1477 2415 patitur.

358 2545 389 2591 5
420 2546 544 2593 desit
566 2550 613 2595 A
645 2550 787 2596 desiit
815 2552 930 2609 voly.
964 2549 1139 2597 desinit
1162 2553 1207 2598 L
1236 2554 1254 2612 Η
1282 2551 1337 2597 11
1371 2549 1463 2595 sibi
1493 2550 1607 2608 voly.
1637 2549 1729 2594 sibi
1753 2549 1791 2594 &
1814 2551 1912 2596 AL

212 2606 402 2652 sibimet
427 2606 564 2653 Gertz
596 2609 602 2669 Ι
632 2610 691 2655 16
715 2612 934 2669 cognovit
960 2610 1098 2656 Gertz
1128 2612 1370 2671 cognoscit
1393 2609 1491 2656 AL
1514 2609 1519 2669 Ι
1553 2609 1613 2654 20
1634 2623 1788 2655 meum
1814 2611 1912 2656 AL

209 2681 394 2712 mecum
423 2667 538 2726 volq.
576 2667 582 2727 Ι
633 2669 692 2715 22
723 2671 858 2716 meist
887 2683 1043 2716 meam
1073 2671 1144 2717 A¹
1173 2686 1288 2719 corr.
1314 2670 1383 2717 A⁵
1419 2669 1435 2730 ΙΙ
1473 2668 1502 2714 2
1563 2682 1612 2714 es
1643 2669 1689 2714 L
1719 2671 1792 2714 est
1822 2672 1868 2716 A
1898 2672 1914 2730 Η

209 2726 268 2772 27
298 2727 427 2783 vide,
460 2741 554 2772 11011
584 2729 772 2775 tantum
802 2732 916 2789 voly.
949 2730 1074 2775 uide.
1122 2745 1181 2776 ne
1211 2746 1306 2778 non
1335 2731 1522 2776 tantum
1546 2730 1645 2775 AL
1674 2729 1691 2788 ΙΙ
1722 2729 1785 2775 30
1815 2744 1912 2776 rec-

211 2787 362 2832 torem
392 2788 440 2833 A
480 2792 618 2844 reate,
655 2804 766 2836 nam
803 2804 956 2849 reyere
995 2791 1227 2838 interdum
1257 2792 1377 2838 idem
1407 2794 1473 2836 est
1502 2794 1637 2847 atque
1667 2792 1913 2850 συνῄρετο,-

212 2846 315 2892 vide
345 2848 464 2893 leoex.
499 2850 809 2896 correctorem
841 2860 870 2894 ς

1954 876 1997 909 10

1951 1245 1993 1279 15

1950 1618 1994 1650 20

1948 1991 1990 2024 25

1945 2362 1988 2395 30
