2028 3106
181 75 288 129 352
502 73 551 117 L
577 72 816 116 ANNAEI
848 72 1123 119 SENECAE
1155 73 1314 118 DIAL.
1339 73 1451 117 LIB.
1476 73 1575 119 XII.

181 213 236 248 se
282 193 454 263 magis
503 193 559 244 in
599 192 820 245 exilium
859 193 960 260 110,
1007 195 1102 263 (1111
1141 194 1280 248 sine.
1294 194 1389 248 illo
1429 194 1698 250 rediturus
1738 202 1894 268 esset,

121 283 147 322 5
182 286 343 338 quam
382 267 538 319 illum
574 266 632 319 in
664 266 824 319 exilio
857 234 1103 336 relinqui.
1168 287 1199 322 o
1231 268 1643 322 fortunatiorem
1673 269 1892 326 Marcel-

179 343 294 395 lum
333 358 395 393 eo
428 343 695 425 tempore,
736 358 843 409 quo
889 341 1110 394 exilium
1155 361 1312 397 suum
1347 343 1518 396 Bruto
1559 343 1892 416 adprobavit,

182 433 343 484 quam
389 431 495 498 quo
543 415 620 468 rei
670 415 919 485 publicae
967 417 1332 470 consulatum!
1411 419 1642 485 quantus
1681 417 1771 472 1110
1810 421 1894 474 111

179 489 304 557 fuit,
346 489 439 558 qui
479 489 676 558 effecit,
708 492 770 543 ut
801 489 996 559 aliquis
1030 491 1154 543 exul
1185 492 1289 544 sibi
1320 491 1612 559 videretur,
1650 493 1794 560 quod
1826 495 1966 548 0111-3

181 530 336 617 exule
381 531 676 618 recederet}
753 567 984 634 quantus
1032 565 1117 618 vir
1161 565 1288 636 fuit,
1344 566 1439 636 qui
1485 566 1542 618 in
1589 565 1894 621 admiratio-

178 656 303 691 nem
358 639 443 692 sui
497 639 721 693 adduxit
773 640 1050 693 hominem
1097 640 1259 694 etiam
1316 638 1507 695 Catoni
1554 657 1651 692 suo
1698 641 1892 695 miran-

121 727 146 767 6
181 712 330 766 dum!
407 713 550 767 idem
589 714 793 767 Brutus
834 715 910 768 ait
943 713 996 768 G.
1024 713 1303 768 Caesarem
1334 715 1621 784 Mytilenas
1660 718 1893 783 praeter-

178 791 419 858 vectum,
460 789 587 857 quia
625 806 738 841 non
777 788 1066 843 sustineret
1096 789 1276 843 videre
1310 790 1669 844 deformatum
1701 788 1893 842 virum.

178 862 261 915 1111
301 863 516 931 quidem
547 862 780 916 reditum
810 863 1102 932 inpetravit
1134 868 1350 918 senatus
1382 863 1612 934 publicis
1644 863 1892 931 precibus
1925 883 1969 916 ιο

178 940 291 990 tam
347 936 612 990 sollicitus
669 954 731 989 ac
785 941 1046 1007 maestus,
1097 941 1160 992 ut
1214 956 1399 992 omnes
1454 939 1549 991 illo
1606 936 1689 990 die
1735 935 1894 989 Bruti

177 1009 374 1063 habere
430 1010 669 1063 animum
723 1010 1032 1064 viderentur
1087 1017 1141 1066 et
1192 1031 1304 1066 non
1349 1031 1449 1082 pro
1496 1011 1752 1065 Marcello
1800 1010 1894 1063 sed

177 1101 276 1153 pro
310 1102 366 1137 30
398 1084 695 1153 deprecari,
731 1102 799 1136 ne
832 1086 1013 1138 exules
1047 1090 1249 1156 essent,
1288 1086 1335 1141 si
1367 1087 1481 1140 sine
1512 1086 1608 1139 illo
1641 1084 1894 1153 fuissent3

180 1157 272 1210 sed
318 1158 441 1226 plus
488 1158 663 1210 multo
704 1162 1024 1211 consecutus
1064 1164 1167 1229 est,
1214 1179 1321 1230 quo
1363 1161 1448 1214 die
1487 1161 1643 1214 illum
1681 1159 1893 1212 exulem

178 1231 381 1284 Brutus
420 1232 722 1299 relinquere
760 1249 873 1284 non
910 1233 1112 1301 potuit,
1161 1233 1355 1288 Caesar
1392 1235 1586 1289 videre.
1663 1232 1895 1303 contigit
1926 1250 1968 1285 15

180 1305 322 1358 enim
361 1305 444 1359 illi
483 1304 854 1358 testimonium
891 1306 1195 1374 utriusque:
1242 1307 1444 1362 Brutus
1484 1309 1599 1363 31110
1637 1307 1892 1362 Marcello

121 1393 145 1433 7
179 1381 377 1434 reverti
425 1398 480 1434 30
529 1379 726 1448 doluit,
774 1377 967 1431 Caesar
1006 1380 1232 1433 erubuit.
1309 1401 1441 1436 num
1482 1383 1715 1452 dubitas,
1763 1382 1895 1451 quin

180 1473 236 1508 se
281 1455 374 1508 ille
413 1454 700 1508 Marcellus
747 1456 929 1506 tantus
976 1452 1060 1506 vir
1106 1454 1184 1507 310
1230 1455 1298 1506 ad
1342 1457 1683 1511 tolerandum
1721 1474 1893 1526 aequo

179 1530 358 1583 animo
399 1529 622 1583 exilium
654 1546 812 1598 saepe
844 1527 1159 1580 adhortatus
1193 1528 1284 1580 sit:
1324 1529 1495 1597 ‘quod
1526 1533 1702 1601 patria
1732 1549 1896 1600 cares,

177 1622 290 1657 non
328 1607 410 1658 est
448 1604 718 1658 miserum.
797 1602 874 1655 ita
912 1604 967 1655 te
1008 1601 1307 1670 disciplinis
1347 1602 1594 1674 inbuisti,
1632 1609 1694 1659 ut
1732 1606 1894 1660 scires
1926 1625 1969 1658 20

180 1697 396 1732 omnem
434 1679 617 1732 locum
658 1676 890 1746 sapienti
928 1677 1046 1729 viro
1079 1676 1310 1745 patriam
1342 1693 1471 1730 esse.
1535 1679 1665 1747 quid
1695 1678 1895 1748 porro?

178 1752 291 1820 hic,
343 1752 438 1821 qui
486 1755 541 1805 te
589 1751 819 1821 expulit,
870 1769 982 1804 non
1028 1750 1142 1820 ipse
1182 1768 1278 1819 per
1323 1767 1493 1803 annos
1540 1751 1723 1805 decem
1770 1770 1894 1805 con-

178 1827 362 1880 tinuos
413 1826 590 1895 patria
637 1825 846 1879 caruit?
923 1824 1261 1895 propagandi
1308 1825 1423 1877 sine
1471 1823 1633 1878 dubio
1681 1825 1895 1894 imperii

120 1914 147 1954 8
179 1919 362 1956 causa:
413 1900 507 1954 sed
552 1918 746 1970 nempe
793 1901 980 1955 caruit.
1058 1917 1204 1953 nunc
1251 1915 1372 1952 0000
1418 1898 1587 1952 trahit
1632 1899 1788 1952 illum
1826 1901 1894 1954 ad

179 1994 236 2030 se
266 1974 453 2030 Africa
484 1975 814 2046 resurgentis
846 1975 978 2028 belli
1009 1974 1170 2027 minis
1203 1974 1386 2042 plena,
1416 1972 1583 2025 trahit
1612 1971 1893 2046 Hispania,
1924 1994 1968 2028 33

181 2068 317 2119 quae
347 2050 546 2104 fractas
580 2052 635 2103 et
665 2049 908 2103 adflictas
941 2052 1121 2119 partes
1152 2047 1383 2116 refovet,
1420 2047 1587 2100 trahit
1610 2018 1893 2118 Aegyptus

180 2125 383 2210 infidma,
419 2128 567 2178 totus
619 2124 849 2192 denique
901 2123 1072 2193 orbis,
1123 2122 1216 2207 qui
1269 2121 1335 2174 ad
1385 2121 1722 2175 occasionem
1769 2140 1893 2177 con-

180 2200 323 2252 cussi
368 2199 583 2269 imperii
628 2198 867 2252 intentus
916 2201 1011 2252 est.
1090 2196 1178 2251 cui
1224 2196 1457 2266 primum
1496 2196 1573 2249 rei
1613 2198 1892 2251 occurret?

180 2273 267 2325 0111
316 2274 460 2342 parti
511 2292 566 2331 30
618 2273 893 2344 opponet?
969 2274 1094 2344 aget
1142 2271 1298 2327 illum
1348 2289 1444 2340 per
1492 2288 1675 2324 omnes
1722 2275 1891 2327 terras

179 2346 408 2400 victoria
446 2367 555 2400 sua.
618 2349 774 2402 illum
806 2348 1106 2417 suspiciant
1136 2349 1191 2399 et
1221 2345 1403 2399 colant
1434 2347 1641 2415 gentes.
1679 2348 1741 2399 tu
1772 2347 1892 2401 1110
1924 2366 1966 2398 ao

179 2418 351 2473 Bruto
391 2421 646 2476 miratore
686 2421 1025 2477 contentus?

329 2580 555 2640 5exslul
590 2583 638 2627 A
681 2584 813 2641 (eras.
852 2585 891 2642 s)
939 2583 944 2643 Ι
992 2582 1119 2639 (111οᾶ
1154 2591 1183 2625 ς
1224 2593 1316 2637 (1110
1349 2580 1396 2625 A
1438 2592 1579 2636 quom
1615 2581 1849 2628 Rossbach
1876 2582 1894 2642 ΙΙ

180 2639 210 2685 8
243 2638 309 2685 ..G
344 2653 503 2700 cesare
535 2642 582 2686 A
628 2642 633 2701 Ι
680 2644 748 2687 mi
748 2643 935 2700 tylenas
968 2645 1015 2688 A
1053 2655 1166 2688 corr.
1201 2640 1389 2685 Fickert
1427 2638 1444 2698 ΙΙ
1485 2638 1544 2684 12
1579 2641 1628 2685 et
1657 2642 1765 2687 add.
1790 2656 1826 2687 3.
1849 2657 1890 2688 v.

179 2698 252 2745 A¹
295 2699 312 2759 ΙΙ
356 2700 413 2745 17
453 2701 705 2770 revertisse
741 2705 787 2748 A
829 2717 944 2748 corr.
980 2702 1095 2760 voly.
1138 2700 1155 2760 ΙΙ
1201 2699 1259 2744 18
1300 2697 1552 2743 Marcellus
1593 2701 1708 2759 woly.
1748 2715 1834 2747 om.
1875 2701 1892 2760 ΙΙ

181 2759 240 2804 19
279 2772 422 2817 saepe
456 2761 503 2805 A
545 2760 648 2817 ipse
690 2764 860 2808 mavolt
905 2762 1055 2808 Gertz.
1103 2764 1210 2806 ante
1248 2759 1514 2804 Fickertum
1551 2761 1714 2807 omisso
1753 2775 1802 2807 se
1839 2762 1893 2806 in

179 2823 314 2865 v.17
350 2820 425 2865 hic
463 2821 680 2866 edebatwr
719 2835 768 2866 30
807 2822 911 2878 ipse
953 2821 970 2882 Η
1011 2821 1072 2866 26
1110 2820 1309 2880 egyptos
1334 2819 1381 2864 A
1417 2819 1462 2876 (o
1492 2819 1546 2864 in
1574 2834 1608 2864 u
1637 2834 1751 2867 corr.
1783 2820 1891 2876 fort.

181 2893 238 2924 m.
263 2880 311 2936 2)
343 2879 465 2936 quod
494 2881 786 2927 retinendum
817 2887 967 2927 censet
989 2879 1225 2928 Rossbach
