2028 3106
235 76 344 129 330
566 73 615 116 L.
640 72 877 116 ANNAEI
908 71 1180 117 SENECAE
1212 71 1369 118 DIAL.
1395 73 1506 117 LIB.
1531 72 1607 118 XI.

234 214 345 249 non
374 194 644 263 trepidant
673 213 773 248 nec
803 212 899 263 per
930 193 1167 265 singulas
1199 193 1371 248 horas⁴
1387 194 1627 265 gladium
1652 200 1935 265 expectant

233 287 333 323 nec
355 268 420 322 ad
435 287 661 322 omnem
685 268 905 321 navium
930 272 1277 338 conspectum
1300 272 1520 338 pavent3
1543 288 1639 339 per
1661 273 1714 323 te
1735 271 1936 325 habent

234 347 295 397 ut
325 343 572 397 fortunae
605 343 889 397 saevientis
921 343 1142 396 modum
1174 342 1250 396 ita
1281 362 1430 413 spem
1457 362 1670 413 quoque
1697 345 1934 399 melioris

162 431 189 458 -f
235 418 474 472 eiusdem
521 436 583 472 ac
628 417 942 493 praesentis
964 417 1210 487 quietem.
1290 417 1425 471 scias
1456 419 1584 472 licet
1623 438 1684 472 ea
1723 419 1935 473 demum

234 493 465 546 fulmina
503 510 617 547 esse
655 493 968 561 iustissima,
1010 510 1145 562 quae
1184 492 1346 546 etiam
1383 493 1624 562 percussi
1663 495 1859 548 colunt.

384 566 527 621 XIV.
591 566 727 637 [33]
781 566 888 620 Hic
941 567 1124 636 itaque
1176 566 1447 637 princeps,
1512 566 1605 637 qui
1658 569 1935 638 publicum

237 642 478 695 omnium
516 641 798 695 hominum
839 641 1099 695 solacium
1138 645 1241 711 est,
1280 644 1373 695 aut
1411 659 1495 694 me
1529 643 1710 696 omnia
1741 643 1937 697 fallunt

235 720 328 771 aut
365 717 473 770 iam
512 717 774 771 recreavit
813 715 1050 771 animum
1080 720 1236 770 tuum
1268 720 1323 770 et
1352 719 1464 769 tam
1499 735 1696 789 magno
1729 719 1938 772 vulneri

235 792 438 845 maiora
499 791 747 845 adhibuit
804 790 1052 845 remedia.
1128 792 1232 844 iam
1290 794 1344 845 te
1399 790 1547 844 omni
1602 792 1940 846 confirmavit

235 866 420 935 modo,
449 865 557 920 iam
590 867 771 920 omnia
803 866 1069 936 exempla,
1101 866 1296 936 quibus
1328 866 1395 920 ad
1427 866 1592 919 animi
1616 867 1939 936 aequitatem

235 941 654 1011 compellereris‚
704 940 1043 996 tenacissima
1088 940 1346 995 memoria
1391 941 1621 1011 rettulit,
1671 941 1779 995 iam
1828 960 1938 995 om-

233 1017 385 1069 nium
424 1020 710 1087 praecepta
750 1016 1051 1087 sapientum
1092 1018 1303 1070 assueta
1342 1015 1446 1069 sibi
1484 1015 1736 1070 facundia
1774 1017 1938 1086 expli-

235 1091 360 1144 cuit.
437 1092 618 1145 nullus
665 1091 847 1161 itaque
894 1091 1085 1144 melius
1131 1090 1228 1143 has
1268 1090 1595 1159 adloquendi
1633 1094 1812 1160 partes
1853 1109 1938 1144 00-

234 1165 533 1235 cupaverit:
584 1165 728 1218 aliud
778 1165 1054 1219 habebunt
1102 1165 1207 1219 hoc
1258 1163 1466 1218 dicente
1515 1165 1726 1238 pondus
1777 1166 1939 1219 verba

234 1240 384 1293 velut
422 1239 489 1293 ab
530 1241 747 1294 oraculo
787 1241 974 1309 missa3
1014 1258 1227 1294 omnem
1266 1238 1377 1292 vim
1410 1239 1613 1293 doloris
1645 1240 1727 1294 tui
1759 1240 1939 1294 divina

235 1315 349 1368 eius
396 1315 690 1368 contundet
736 1315 1039 1370 auctoritas.
1117 1315 1262 1368 hunc
1308 1314 1490 1384 itaque
1536 1314 1639 1368 tibi
1684 1320 1817 1384 puta
1863 1315 1939 1368 di-

236 1407 375 1443 cere:
416 1389 553 1443 ε11011
591 1393 646 1443 te
685 1390 862 1444 solum
893 1391 1110 1443 fortuna
1140 1390 1438 1458 desumpsit
1471 1388 1598 1458 sibi,
1637 1408 1795 1460 quem
1826 1392 1938 1443 tam

235 1464 387 1536 gravi
433 1464 672 1518 afficeret
718 1465 936 1534 iniuria3
981 1465 1132 1518 nulla
1178 1464 1368 1517 domus
1415 1463 1474 1517 in
1511 1466 1628 1517 toto
1671 1464 1798 1518 orbe
1837 1467 1939 1518 ter-

234 1558 415 1593 rarum
478 1543 572 1593 aut
631 1543 713 1593 est
773 1543 866 1594 aut
927 1539 1031 1592 fuit
1092 1540 1205 1594 sine
1267 1539 1449 1609 aliqua
1502 1539 1940 1609 comploratione.

234 1615 476 1669 transibo
548 1615 794 1684 exempla
853 1614 1121 1686 vulgaria,
1191 1632 1326 1683 quae
1389 1612 1550 1666 etiam
1612 1614 1658 1667 si
1719 1615 1942 1683 minora,

235 1692 416 1743 tamen
462 1690 742 1743 innumera
789 1694 934 1759 sunt,
986 1689 1053 1742 ad
1099 1689 1269 1742 fastus
1308 1691 1361 1741 te
1401 1690 1455 1740 et
1493 1688 1710 1742 annales
1750 1688 1940 1759 perdu-

236 1781 354 1818 cam
408 1764 670 1835 publicOS.
747 1764 894 1819 vides
950 1782 1134 1818 omnes
1189 1763 1286 1816 has
1341 1762 1625 1834 imagineS,
1682 1781 1816 1834 quae
1863 1763 1940 1815 in-

236 1839 448 1908 plevere
500 1838 783 1893 Caesarum
839 1839 1070 1906 atrium?
1145 1839 1296 1891 nulla
1347 1856 1460 1891 non
1511 1837 1703 1891 harum
1758 1838 1939 1907 aliquo

238 1931 457 1967 suorum
496 1914 839 1969 incommodo
878 1914 1106 1985 insignis
1147 1917 1248 1983 est3
1287 1931 1446 1967 nemo
1486 1931 1598 1966 non
1637 1931 1702 1967 ex
1733 1912 1850 1966 istis
1883 1912 1940 1965 in

238 1992 611 2042 ornamentum
664 1989 996 2042 saeculorum
1046 1988 1438 2059 refulgentibus
1489 1987 1617 2040 viris
1669 1990 1762 2040 aut
1808 1987 1940 2040 desi-

238 2061 384 2116 derio
426 2080 647 2117 suorum
685 2066 860 2117 tortus
901 2065 982 2116 est
1020 2067 1115 2118 aut
1146 2081 1177 2116 a
1208 2063 1318 2116 suis
1352 2080 1474 2117 cum
1506 2062 1742 2115 maximo
1776 2061 1941 2115 animi

238 2138 480 2191 cruciatu
519 2138 846 2192 desideratus
887 2140 979 2191 est.
1059 2138 1189 2208 quid
1226 2138 1327 2191 tibi
1364 2137 1592 2191 referam
1632 2135 1940 2206 Scipionem

238 2210 579 2283 Africanum,
618 2213 705 2267 cui
743 2229 887 2266 mors
927 2212 1108 2267 fratris
1148 2212 1205 2265 in
1238 2211 1400 2265 exilio
1430 2211 1680 2264 nuntiata
1710 2211 1826 2265 est‘?
1894 2210 1939 2264 is

237 2286 424 2354 frater,
470 2287 564 2356 qui
610 2287 808 2358 eripuit
845 2286 1066 2341 fratrem
1105 2287 1327 2356 carceri,
1370 2304 1483 2340 non
1520 2285 1700 2356 potuit
1738 2285 1939 2355 eripere

388 2418 414 2462 1
439 2432 526 2463 nec
551 2420 590 2465 G
617 2434 742 2464 nunc
766 2420 812 2464 B
842 2418 922 2463 sed
951 2431 1062 2464 corr.
1088 2420 1141 2463 in
1167 2432 1309 2476 mary.
1341 2417 1358 2478 ΙΙ
1389 2417 1445 2462 11
1472 2417 1817 2474 compellereris
1840 2415 1944 2461 DE

239 2477 531 2534 compelleris
567 2480 722 2525 BHG
764 2478 780 2539 11
826 2478 885 2523 12
923 2478 1190 2534 sapientum
1226 2478 1265 2523 O
1307 2477 1593 2534 sapientium
1630 2477 1895 2532 Wesenberg]
1927 2474 1934 2533 Ι

239 2537 331 2582 sibi
361 2538 457 2583 BG
495 2538 572 2582 sed
610 2552 724 2584 corr.
757 2541 810 2584 in
848 2537 939 2583 tibi
962 2537 1008 2581 B
1039 2539 1092 2583 in
1122 2551 1263 2595 marq.
1307 2537 1323 2596 ΙΙ
1363 2536 1422 2582 21
1465 2537 1712 2581 innumera
1746 2535 1940 2591 Lipsius

237 2597 359 2642 mira
395 2597 432 2643 Ο
469 2597 642 2643 misera
676 2598 889 2657 Gruter]
919 2597 1070 2642 fastus
1107 2597 1144 2643 Ο
1176 2597 1255 2642 sed
1283 2598 1338 2641 in
1359 2597 1407 2641 B
1437 2612 1495 2642 m.
1521 2602 1546 2641 1
1577 2610 1689 2641 corr.
1721 2610 1754 2639 u
1783 2596 1835 2638 in
1866 2607 1892 2637 0
1923 2594 1940 2654 Η

237 2657 296 2703 27
334 2658 491 2703 omnia
520 2658 629 2703 inde
659 2673 691 2703 a
720 2659 755 2718 5
777 2663 807 2704 4
837 2670 976 2715 usque
1006 2647 1071 2702 ad
1100 2671 1136 2703 0.
1164 2659 1221 2702 15
1251 2655 1286 2716 §
1308 2659 1341 2702 2
1370 2670 1465 2702 non
1493 2670 1577 2702 suo
1609 2656 1705 2701 loco
1733 2654 1806 2699 hic
1837 2653 1938 2712 leyi,

236 2718 316 2762 sed
345 2718 536 2763 aliunde
564 2718 799 2764 inculcata
828 2732 918 2764 esse
948 2717 1179 2762 contendit
1210 2717 1280 2762 W.
1309 2715 1507 2761 Gemoll.-
1536 2717 1698 2773 Proyr.
1726 2713 1939 2771 Lieqnitz

237 2780 355 2822 1898
375 2791 426 2835 p.
452 2781 513 2824 38
540 2777 556 2837 ΙΙ
586 2777 645 2822 29
673 2779 851 2823 carceri
874 2778 1000 2824 Rech
1022 2777 1147 2822 Berl.
1174 2776 1295 2821 Phil.
1318 2776 1490 2822 Wschr.
1516 2779 1633 2821 1881
1656 2787 1707 2830 p.
1724 2774 1816 2818 356
1838 2774 1936 2818 co'll.

238 2849 305 2893 ep.
330 2840 405 2892 so,
429 2841 459 2882 4
490 2837 544 2882 de
575 2838 718 2893 benef.
743 2839 777 2883 Ι
805 2843 876 2895 11,
900 2840 928 2883 3
959 2838 1053 2882 ΙΙΙ
1075 2840 1151 2892 33,
1173 2839 1204 2881 2
1235 2835 1308 2880 VI
1333 2838 1449 2893 3⁶31
1485 2849 1550 2893 ep.
1578 2836 1680 2888 122,
1705 2835 1759 2887 7,·
1789 2836 1863 2889 70,
1881 2837 1939 2878 13

241 2909 425 2941 carcere
462 2898 499 2942 Ο

1971 886 2014 919 10

1973 1259 2014 1293 15

1973 1634 2017 1667 20

1971 2006 2013 2039 25
