2034 3086
35 854 80 887 10

35 1229 77 1262 15

542 38 623 83 DE
654 38 763 84 IRA
793 38 906 86 LIB.
930 38 1008 85 111.
1064 37 1193 85 CAP.
1221 43 1290 85 17.
1319 42 1374 84 18
1714 42 1819 96 127

114 162 315 217 Clitum
354 162 691 216 carissimum
730 162 833 215 sibi
872 165 927 215 et
963 180 1072 215 una
1116 162 1401 216 educatum
1449 162 1588 215 inter
1634 163 1820 232 epulas

112 237 401 292 transfodit
437 255 602 291 manu
640 237 857 307 quidem
897 255 1016 307 sua,
1066 255 1257 307 parum
1305 237 1612 291 adulantem
1651 240 1705 291 et
1742 238 1821 307 pi-

111 331 206 385 gre
236 331 302 366 ex
324 311 616 366 Macedone
647 330 710 366 ac
732 312 903 365 libero
929 313 986 365 in
1010 311 1280 366 Persicam
1312 312 1624 366 servitutem
1649 315 1820 366 trans-

111 390 340 441 euntem.
410 405 537 440 nam
574 386 959 457 Lysimachum
1006 405 1173 457 aeque
1212 387 1532 440 familiarem
1572 387 1675 441 sibi
1712 387 1821 440 leo·
1853 402 1878 440 ‘2

111 463 167 516 ni
200 462 409 517 obiecit.
459 461 705 531 nunquid
737 479 865 533 ergo
896 461 988 516 hic
1018 461 1372 532 Lysimachus
1403 462 1661 516 felicitate
1694 480 1821 532 qua-

110 537 235 590 dam
281 537 528 591 dentibus
565 537 739 590 leonis
777 537 992 606 elapsus
1033 538 1101 590 ob
1140 536 1269 607 hoc,
1317 555 1442 592 cum
1481 538 1595 608 ipse
1634 555 1821 609 regna·

111 615 216 681 ret,
253 612 439 666 mitior
474 611 616 665 fuit?
690 629 817 664 nam
849 610 1239 682 Telesphorum
1271 611 1546 666 Rhodium
1585 613 1820 666 amicum
1853 626 1879 666 3

110 705 268 740 suum
322 687 559 757 undique
608 686 970 756 decurtatum,
1022 705 1146 741 cum
1193 706 1347 742 aures
1394 687 1477 741 illi
1521 706 1820 758 nasumque

110 761 451 831 abscidisset,
496 762 554 814 in
602 779 765 816 cavea
809 762 959 815 velut
1003 780 1206 816 novum
1252 762 1473 833 aliquod
1527 763 1729 816 animal
1767 766 1821 817 et

111 837 446 890 invisitatum
486 836 580 890 diu
611 837 784 907 pavit,
822 855 947 891 cum
987 838 1095 891 oris
1135 837 1438 892 detruncati
1477 839 1820 908 mutilatique

110 911 423 966 deformitas
469 912 761 966 humanam
801 912 993 966 faciem
1033 913 1375 983 perdidisset3
1422 913 1707 968 accedebat
1745 914 1821 967 fa-

110 1004 222 1040 mes
265 990 320 1041 et
350 987 571 1058 squalor
599 990 655 1041 et
692 988 922 1041 inluvies
962 989 1204 1058 corporis
1235 988 1292 1042 in
1331 992 1564 1043 stercore
1603 1006 1701 1043 suo
1734 988 1821 1042 de-

109 1062 314 1132 stituti3
344 1062 561 1116 callosis
593 1081 754 1133 super
776 1062 909 1117 haec
933 1064 1159 1134 genibus
1191 1064 1574 1134 manibusque,
1605 1082 1738 1134 quas
1763 1064 1820 1117 in
1852 1079 1879 1118 4

110 1156 267 1191 usum
321 1137 519 1207 pedum
570 1139 850 1210 angustiae
899 1139 1007 1192 loci
1059 1139 1345 1210 cogebant,
1393 1140 1651 1193 lateribus
1691 1157 1817 1193 vero

108 1211 310 1265 adtritu
341 1213 659 1266 exulceratis
689 1231 803 1267 non
832 1214 1011 1267 minus
1042 1214 1201 1268 foeda
1224 1233 1387 1284 quam
1418 1215 1674 1268 terribilis
1706 1218 1820 1268 erat

108 1286 283 1340 forma
320 1287 435 1340 eius
474 1288 799 1357 visentibus,
845 1288 1128 1358 factusque
1167 1307 1342 1359 poena
1381 1308 1477 1343 sua
1514 1293 1818 1343 monstrum

109 1361 530 1416 misericordiam
570 1380 784 1433 quoque
824 1364 1090 1417 amiserat.
1162 1368 1367 1434 tamen,
1404 1382 1527 1418 cum
1568 1364 1819 1419 dissimil-

108 1437 270 1491 limus
309 1441 450 1491 esset
478 1437 687 1492 homini
728 1439 822 1508 qui
863 1439 956 1491 illa
994 1439 1322 1509 patiebatur,
1359 1439 1675 1494 dissimilior
1706 1444 1820 1494 erat

108 1513 202 1582 qui
234 1512 476 1566 faciebat.

257 1586 454 1641 XVIII.
502 1586 723 1642 Utinam
759 1589 864 1642 ista
895 1590 1118 1643 saevitia
1150 1590 1292 1643 intra
1322 1590 1606 1662 peregrina
1645 1605 1821 1644 exem·
1854 1605 1874 1643 1

108 1662 200 1732 pla
230 1663 516 1717 mansisset
552 1682 652 1718 nec
691 1664 748 1717 in
781 1663 1055 1718 Romanos
1088 1683 1263 1719 mores
1303 1683 1427 1720 cum
1467 1666 1587 1719 aliis
1627 1665 1818 1719 adven-

109 1736 253 1791 ticiis
269 1737 418 1791 vitiis
442 1738 605 1792 etiam
630 1739 1022 1809 suppliciorum
1049 1740 1356 1810 irarumque
1379 1741 1625 1795 barbaria
1647 1743 1818 1794 trans-

110 1812 259 1866 isset!
319 1811 390 1866 M.
425 1811 621 1882 Mario,
667 1814 754 1868 cui
787 1815 1007 1868 vicatim
1040 1815 1276 1886 populus
1309 1819 1512 1870 statuas
1548 1819 1818 1886 posuerat,

108 1887 196 1940 cui
226 1891 345 1941 ture
383 1905 446 1942 ac
477 1888 604 1942 vino
644 1889 1006 1959 supplicabat,
1038 1890 1096 1943 L.
1130 1888 1284 1944 Sulla
1314 1890 1608 1962 praefringi
1648 1908 1818 1960 crura,

108 1962 222 2015 erui
261 1962 471 2032 oculos,
516 1964 783 2034 amputari
823 1964 1089 2037 linguam,
1130 1983 1318 2020 manus
1351 1966 1510 2020 iussit
1548 1969 1623 2036 et,
1664 1966 1817 2037 quasi

108 2037 307 2091 totiens
347 2038 614 2093 occideret
652 2039 901 2109 quotiens
943 2040 1281 2110 vulnerabat,
1326 2041 1590 2111 paulatim
1630 2045 1684 2095 et
1723 2060 1818 2112 per

108 2112 351 2183 singulos
390 2116 538 2167 artus
576 2114 843 2168 laceravit.
906 2115 1025 2184 quis
1066 2119 1180 2169 erat
1218 2115 1376 2169 huius
1418 2117 1629 2187 imperii
1662 2117 1817 2170 mini·
1849 2131 1874 2171 2

108 2186 253 2240 ster?
329 2188 450 2258 quis
488 2189 592 2243 nisi
634 2186 866 2243 Catilina
916 2190 1021 2243 iam
1074 2190 1130 2244 in
1178 2208 1335 2245 omne
1375 2191 1583 2246 facinus
1625 2210 1814 2246 manus

257 2333 286 2379 4
326 2335 451 2391 (item
485 2335 532 2393 5)
580 2336 939 2394 lysimmachum
979 2338 1025 2383 A
1071 2338 1088 2397 ΙΙ
1130 2338 1161 2383 9
1207 2340 1256 2384 et
1302 2338 1596 2384 invisitatum
1644 2338 1816 2384 Gruter

108 2398 150 2438 ee
191 2394 473 2440 inusitatum
509 2396 636 2442 A⁶L
676 2398 693 2455 Η
744 2397 800 2442 11
841 2396 1128 2455 perdidisset
1171 2412 1287 2445 corr.
1325 2413 1383 2445 cx
1418 2397 1702 2456 perdiditset
1723 2399 1771 2444 A
1799 2399 1816 2457 ΙΙ

110 2451 170 2498 18
199 2452 387 2499 callosis
417 2468 532 2501 corr.
557 2470 615 2502 ex
645 2455 815 2502 caloris
845 2458 951 2513 sort.
977 2457 1046 2503 Αἱ
1076 2458 1094 2517 ΙΙ
1123 2457 1182 2504 18
1212 2458 1436 2516 quilnilla
1460 2458 1530 2505 Α,ι
1559 2472 1674 2505 corr.
1701 2457 1771 2504 A’
1799 2465 1818 2510 Ιι

107 2510 170 2558 24
199 2520 307 2571 post
338 2515 506 2560 acuino
531 2518 576 2561 A
608 2516 695 2563 liet.
728 2516 771 2561 N
803 2517 957 2571 habet,
989 2532 1127 2575 quam
1158 2517 1230 2565 A’
1261 2520 1452 2576 pwnctis
1484 2520 1686 2574 notavit;
1715 2519 1813 2565 scil.

110 2573 163 2617 in
199 2573 295 2619 cod.
330 2575 574 2635 archetypo
610 2582 722 2623 nota
762 2578 1036 2636 maryinalis
1072 2578 1147 2624 hic
1183 2578 1279 2634 fuit
1321 2581 1326 2637 ῑ
1373 2578 1668 2637 supplicaret
1697 2592 1801 2625 corr

111 2630 274 2689 Genu
301 2648 396 2680 non
427 2636 590 2682 accedo
631 2640 634 2690 ξ
681 2636 804 2695 sylla
827 2637 898 2683 A*
934 2638 951 2696 Η
988 2637 1048 2683 25
1078 2637 1291 2697 linguam
1320 2638 1391 2685 A'
1419 2640 1533 2695 del.;
1561 2640 1615 2685 in
1644 2640 1690 2686 L
1721 2653 1815 2685 mm

110 2697 282 2749 eatan
313 2696 556 2751 <auris>
596 2695 807 2755 linguam
842 2711 902 2742 m.
937 2697 1075 2744 Gertz
1117 2699 1122 2757 Ι
1167 2698 1383 2746 iussisset
1413 2701 1462 2745 et
1492 2699 1576 2756 A2,
1606 2713 1722 2746 corr.
1756 2714 1812 2745 m.

112 2754 251 2807 1-2,
280 2753 445 2801 deinde
473 2756 680 2803 radendo
703 2757 774 2803 A⁶
810 2758 827 2815 ΙΙ
863 2756 925 2802 2ss
955 2757 1191 2804 occideret
1221 2761 1262 2817 (r
1291 2760 1344 2805 in
1374 2761 1486 2817 ras.)
1518 2760 1563 2805 A
1601 2759 1618 2818 ΙΙ
1654 2758 1712 2805 27
1746 2758 1814 2804 la-

111 2812 291 2858 cerauit
323 2814 365 2859 L
395 2821 448 2861 ut
477 2816 591 2875 τοῖς.
627 2815 858 2863 lacerabit
881 2817 964 2870 21¹,
996 2818 1012 2862 i
1043 2831 1156 2865 corr.
1186 2820 1237 2865 in
1270 2831 1299 2864 a
1324 2820 1392 2865 2⁴1⁶
1422 2826 1474 2867 ut
1504 2819 1596 2866 vid.
1634 2821 1639 2864 Ι
1675 2818 1813 2864 huius

108 2882 201 2917 ιο.
226 2873 332 2919 add.
361 2874 442 2930 A’,
473 2877 524 2922 in
557 2881 681 2922 textu
712 2877 848 2923 habet
880 2878 920 2922 L
