2028 3106
0 527 107 574 [ὃ

174 96 180 100 ”
273 95 357 140 AD
394 94 719 140 PAVLINVM
748 94 831 139 DE
861 94 1213 140 BREVITATE
1236 93 1424 140 VITAE
1458 92 1586 140 CAP.
1615 98 1670 139 13
1740 96 1848 151 297

141 236 321 286 rerum
354 218 682 272 oblivionem
715 211 977 287 sentiunt,
1015 217 1109 271 sed
1138 218 1433 271 multarum
1465 219 1520 271 et
1549 216 1853 287 imitantur3

143 292 405 363 quaedam
455 292 590 346 vitia
638 292 763 346 illos
815 292 966 363 quasi
1010 292 1283 347 felicitatis
1323 295 1643 364 argumenta
1681 291 1852 346 delec-

140 371 283 437 tant3
319 366 483 421 nimis
521 366 745 421 humilis
784 370 839 421 et
877 367 1177 438 contempti
1206 366 1443 421 hominis
1474 366 1689 421 videtur
1719 366 1853 420 scire

141 443 271 512 quid
310 442 500 496 facias:
539 442 559 495 i
595 460 742 497 nunc
780 446 835 496 et
872 443 1068 497 mimos
1106 443 1280 496 multa
1316 442 1535 496 mentiri
1566 442 1635 496 ad
1666 460 1855 512 expro-

139 517 401 571 brandam
431 517 703 572 luxuriam
734 520 881 588 puta-
941 518 1101 587 plura
1130 536 1217 571 me
1244 517 1490 572 hercules
1513 519 1855 587 praetereunt

139 610 301 663 quam
340 591 556 663 fingunt
594 590 649 646 et
685 595 838 646 tanta
875 592 1270 647 incredibilium
1300 592 1558 646 vitiorum
1589 592 1748 662 copia
1777 592 1855 645 in-
1921 634 1929 671 ,
1968 636 1987 643 -.

136 667 360 739 genioso
400 667 460 720 in
496 667 602 721 hoc
642 686 810 721 unum
850 668 1063 721 saeculo
1102 667 1386 737 processit,
1425 670 1487 720 ut
1524 667 1633 720 iam
1666 666 1855 720 mimo·
1923 666 2028 748 'lm

136 759 257 794 rum
289 759 513 813 arguere
544 742 816 812 possimus
846 741 1258 813 neglegentiam.
1322 758 1439 795 esse
1470 741 1731 811 aliquem,
1762 741 1856 810 qui

136 834 308 886 usque
353 835 415 871 eo
457 816 662 871 deliciis
701 815 984 885 interierit,
1030 819 1094 869 ut
1130 834 1201 870 an
1238 815 1419 870 sedeat
1458 816 1614 871 alteri
1652 816 1854 871 credat!

136 909 249 944 non
298 895 380 946 est
430 909 560 962 ergo
611 890 702 944 hic
754 890 982 960 otiosus,
1033 890 1181 946 aliud
1230 891 1313 944 illi
1357 909 1558 946 nomen
1602 891 1855 962 inponas:
1887 903 1913 944 9

138 983 316 1094 :33⁸3
336 966 666 1094 ‘'Jssfisfflsst
686 966 1611 1096 mfflsserfftgefflssssffffussffifflssa
1635 965 1855 1095 iffi}

669 1085 678 1093 ’
1353 1083 1369 1111 7

70 1179 75 1182 Ι
137 1115 342 1187 gendos
382 1115 624 1185 corporis
665 1115 750 1169 sui
787 1115 1005 1170 habitus
1043 1116 1219 1171 indice
1259 1132 1397 1187 opus
1436 1120 1541 1186 est,
1580 1116 1853 1187 quomodo

136 1193 319 1261 potest
355 1188 446 1244 hic
484 1191 650 1244 ullius
689 1191 951 1261 temporis
992 1191 1243 1245 dominus
1283 1190 1435 1246 esse?

285 1263 432 1319 XIII.
496 1264 756 1336 Persequi
795 1266 1039 1337 singulos
1077 1267 1305 1338 longum
1345 1270 1450 1337 est,
1489 1285 1722 1337 quorum
1761 1269 1855 1320 aut
1888 1279 1912 1319 1

134 1341 427 1395 latrunculi
465 1344 559 1394 aut
588 1341 702 1410 pila
731 1343 826 1393 aut
855 1340 1191 1409 excoquendi
1221 1341 1279 1394 in
1309 1342 1423 1395 sole
1454 1341 1695 1411 corporis
1727 1359 1856 1395 cura
1928 1311 1946 1414 ι

135 1433 519 1484 consumpsere
564 1415 748 1468 vitam.
824 1432 938 1468 non
983 1417 1111 1468 sunt
1158 1414 1341 1484 otiosi,
1388 1434 1621 1485 quorum
1667 1416 1855 1486 volup·
1896 1424 1908 1510 ¹
1960 1466 1982 1485 s
2014 1466 2028 1480 „

136 1493 275 1544 tates
322 1490 557 1543 multum
603 1488 812 1561 negotii
850 1489 1067 1543 habent.
1143 1508 1271 1543 nam
1311 1489 1376 1544 de
1414 1490 1523 1544 illis
1560 1508 1720 1543 nemo
1761 1490 1855 1543 du·
1902 1511 1912 1551 ι
1959 1465 2010 1525 “I

135 1563 355 1635 bitabit,
408 1564 542 1635 quin
588 1582 815 1635 operose
860 1563 1000 1618 nihil
1045 1567 1233 1636 agant,
1288 1564 1382 1635 qui
1427 1565 1730 1619 litterarum
1776 1565 1856 1619 in-
1917 1558 1966 1693 ll

135 1639 352 1693 utilium
414 1638 607 1694 studiis
662 1639 993 1710 detinentur,
1054 1658 1191 1710 quae
1245 1638 1352 1693 iam
1400 1643 1532 1711 aput
1578 1638 1854 1694 Romanos
1957 1615 1963 1691 l

137 1733 354 1786 quoque
385 1733 585 1788 magna
616 1733 807 1769 manus
840 1718 934 1770 est.
1008 1713 1334 1770 Graecorum
1364 1714 1467 1769 iste
1498 1715 1719 1769 morbus
1750 1715 1858 1770 fuit
1885 1698 1929 1841 5ῗῖ
1959 1693 1967 1729 ⁸

137 1808 417 1861 quaerere,
467 1809 630 1860 quem
675 1809 963 1867 numerum
1010 1789 1201 1845 Ulixes
1246 1790 1515 1863 remigum
1560 1790 1857 1861 habuisset,
1903 1846 1906 1865 ἶ
1940 1759 1947 1862 ι

136 1865 286 1936 prior
323 1865 528 1934 scripta
565 1868 707 1919 esset
735 1863 864 1920 Ilias
903 1884 975 1919 an
1006 1863 1259 1936 Odyssia,
1295 1869 1572 1936 praeterea
1610 1885 1681 1920 an
1718 1867 1856 1920 eius-
1944 1863 1948 1910 ἱ

137 1939 260 1994 dem
306 1942 486 1994 essent
531 1939 791 2010 auctoris,
838 1940 944 1994 alia
990 1939 1242 2010 deinceps
1286 1939 1449 1995 huius
1487 1944 1648 1996 notae
1655 1982 1670 2010 ,
1718 1958 1855 2011 quae
1900 1950 1906 1988 ἐ
2000 1989 2028 2012 f

138 2014 251 2069 sive
289 2015 592 2086 contineas,
627 2014 767 2080 nihil
804 2016 1026 2070 tacitam
1066 2014 1453 2069 conscientiam
1491 2016 1704 2085 iuvant,
1741 2016 1855 2069 sive
1886 1999 1916 2155 g
1949 2004 1957 2070 Ὗ
2022 2015 2028 2024 ’

137 2089 404 2160 proferas,
440 2109 555 2145 non
592 2090 804 2144 doctior
840 2090 1071 2144 videaris
1111 2092 1196 2143 set
1224 2090 1516 2144 molestior.
1595 2107 1717 2144 ecce
1749 2088 1855 2143 Ro-
1963 2102 1965 2105 ’

138 2182 327 2219 manos
375 2182 592 2235 quoque
650 2165 850 2235 invasit
904 2165 1063 2218 inane
1117 2163 1357 2219 studium
1405 2182 1737 2235 supervacua
1779 2164 1856 2218 di·
1914 2173 1921 2234 ⁸¹,

139 2239 345 2309 scendi3
405 2239 491 2293 his
553 2239 743 2294 diebus
798 2238 944 2293 audii
1000 2238 1267 2308 quendam
1320 2239 1665 2310 referentem,
1716 2257 1853 2309 quae
1922 2259 1927 2274 ¹

289 2385 320 2431 4
349 2384 501 2431 facias
524 2385 595 2431 Δ*
626 2386 778 2432 faciat
800 2386 871 2433 A⁶
905 2386 911 2445 Ι
946 2385 964 2431 i
995 2398 1120 2430 nunc
1149 2386 1264 2445 vola.
1296 2386 1348 2431 in
1378 2400 1471 2432 unc
1494 2387 1541 2433 Δ
1572 2386 1652 2432 sed
1680 2401 1740 2433 m.
1765 2400 1851 2434 rec.

138 2444 171 2490 h
202 2459 410 2504 suprau
440 2445 603 2515 add.]l
640 2445 697 2491 11
731 2446 809 2492 cui
839 2452 947 2492 ante
977 2444 1064 2491 otii
1093 2445 1469 2507 s.v.add.A⁸n
1499 2445 1856 2493 12&A¹exst

139 2518 255 2552 eon.
278 2506 371 2552 vid.
401 2504 479 2552 cui
503 2505 591 2551 otii
614 2507 665 2551 et
686 2506 761 2551 sui
784 2519 948 2553 sensus
972 2507 1044 2551 est
1076 2506 1146 2551 W.
1173 2505 1352 2553 Gemoll
1429 2505 1768 2565 adinlegendos
1784 2505 1855 2553 Δ*

139 2578 254 2612 corr.
291 2566 361 2612 A*
396 2565 415 2626 ΙΙ
452 2564 511 2611 19
542 2565 728 2623 quinA
759 2568 809 2623 (n
839 2566 1345 2622 s.v.add.m‘d.m.3)
1395 2565 1502 2625 128
1534 2579 1596 2611 an
1626 2566 1854 2612 inlitum

140 2623 229 2680 A&
265 2638 323 2671 ex
356 2626 427 2672 ΑΙ
458 2628 556 2670 sori
662 2639 695 2671 a
730 2626 899 2672 ultima
936 2627 1089 2672 littera
1127 2639 1149 2670 s
1187 2625 1279 2671 vid.
1314 2625 1460 2681 fussee
1505 2625 1511 2686 Ι
1558 2626 1750 2684 odyssia
1783 2625 1854 2672 Δ*

141 2683 343 2742 odyssea
376 2680 446 2732 ,4⁸
484 2686 504 2745 ΙΙ
641 2687 800 2731 essent
837 2686 974 2732 Gertz
1012 2687 1136 2732 esset
1164 2687 1208 2731 A
1309 2686 1516 2732 auctoris
1546 2686 1617 2733 Δ*
1649 2699 1764 2732 corr.
1796 2699 1855 2732 ex

142 2745 379 2791 auctorita
440 2745 460 2806 ΙΙ
498 2743 558 2791 27
590 2744 772 2791 discedi
803 2744 873 2791 „1¹
902 2759 1016 2792 eorr.
1045 2760 1103 2791 m.
1126 2748 1159 2791 2
1193 2745 1211 2805 ΙΙ
1343 2745 1457 2792 audi
1487 2746 1557 2791 A⁸
1587 2744 1753 2791 audiui
1782 2745 1854 2792 A·

141 2802 227 2858 σίν.
251 2805 381 2863 epist.
404 2808 479 2861 88.
495 2809 526 2852 9
556 2806 685 2864 (paq.
708 2808 814 2861 218,
833 2810 893 2852 10
917 2806 1087 2862 Hense)
1119 2810 1162 2850 et
1193 2804 1450 2852 Rossbach.-
1479 2806 1535 2852 de
1565 2805 1670 2852 San.
1694 2805 1850 2853 libror.

141 2866 400 2980 {w
440 2870 483 2912 et
523 2865 696 2911 emend.
740 2879 790 2923 p.
819 2869 907 2911 130
951 2865 1106 2911 adnot.
1141 2868 1202 2911 62
1259 2866 1265 2925 Ι
1322 2865 1600 2912 referentem
1646 2866 1761 2924 (tem
1798 2867 1853 2913 im
