2028 3106
46 882 91 914 10

48 1254 91 1285 15

47 1995 91 2029 25

120 68 204 112 AD
236 67 518 113 HELVIAM
548 68 815 114 MATREM
845 70 928 115 DE
960 67 1424 115 CONSOLATIONE
1462 68 1589 114 CAP.
1619 73 1645 113 9
1715 71 1822 125 351

268 188 362 245 IX.
425 188 529 244 'At
587 207 699 243 non
760 192 843 243 est
900 190 1034 244 haec
1093 193 1235 244 terra
1293 188 1673 260 frugiferarum
1735 194 1828 245 aut
1861 206 1883 246 1

119 265 382 318 laetarum
422 265 674 318 arborum
705 263 878 333 ferax;
915 282 1027 318 non
1058 263 1268 336 magnis
1298 282 1399 318 nec
1427 265 1824 337 navigabilibus

120 339 407 393 fluminum
469 338 634 392 alveis
689 337 977 410 inrigatur3
1038 339 1178 393 nihil
1230 337 1430 409 gignit,
1493 341 1638 409 quod
1693 340 1827 394 aliae

122 417 307 485 gentes
347 415 558 483 petant,
596 411 687 465 vix
725 412 793 466 ad
823 414 1048 467 tutelam
1080 412 1430 467 incolentium
1463 413 1680 484 fertilis3
1718 434 1829 469 non

120 489 388 558 pretiosus
434 486 525 540 hic
568 487 707 557 lapis
754 487 1018 557 caeditur,
1061 506 1173 542 non
1218 487 1342 551 auri⁴
1382 489 1697 559 argentique
1743 508 1829 543 ve-

119 582 220 617 nae
283 560 577 616 eruuntur?
652 565 913 634 angustus
976 562 1184 616 animus
1239 564 1344 631 est,
1406 579 1565 631 quem
1619 568 1830 619 terrena

121 637 411 691 delectant:
459 636 526 689 ad
571 636 666 691 illa
712 637 1054 691 abducendus
1094 639 1199 706 est,
1245 655 1381 706 quae
1420 637 1621 707 ubique
1660 657 1830 710 aeque

121 714 403 782 apparent,
439 711 640 782 ubique
680 730 847 783 aeque
887 711 1182 783 splendent.
1260 714 1314 765 et
1343 711 1450 766 hoc
1481 713 1831 783 cogitandum

122 789 228 854 est,
263 785 370 839 ista
406 787 546 840 veris
585 787 743 840 bonis
782 806 879 857 per
915 787 1052 841 falsa
1083 790 1138 841 et
1166 805 1330 857 prave
1363 787 1568 841 credita
1600 788 1831 843 obstare.

122 878 229 929 quo
275 860 548 932 longiores
594 862 835 931 porticus
885 861 1238 932 expedierint,
1292 879 1399 932 quo
1448 862 1609 915 altius
1656 865 1831 917 turres

121 934 460 1002 sustulerint,
507 953 614 1004 quo
659 936 822 989 latius
869 937 1017 990 vicos
1062 936 1420 1006 porrexerint,
1472 955 1579 1006 quo
1621 937 1832 1007 depres-

121 1008 231 1062 sius
270 1010 502 1063 aestivos
542 1027 732 1079 specus
771 1009 1028 1079 foderint,
1068 1029 1175 1080 quo
1215 1011 1409 1065 maiori
1440 1012 1583 1065 mole
1614 1011 1834 1084 fastigia

121 1084 463 1138 cenationum
503 1083 876 1152 subduxerint,
914 1083 1020 1138 hoc
1057 1085 1181 1154 plus
1221 1086 1346 1156 erit,
1385 1086 1531 1157 quod
1569 1086 1679 1141 illis
1718 1105 1832 1142 cae-

119 1158 235 1212 lum
282 1158 590 1213 abscondat.
666 1158 725 1211 in
770 1176 888 1211 eam
934 1161 988 1211 te
1034 1159 1309 1230 regionem
1350 1179 1506 1216 casus
1546 1162 1726 1231 eiecit,
1773 1163 1832 1215 in

122 1250 230 1302 qua
272 1233 635 1287 lautissimum
681 1233 1081 1301 receptaculum
1128 1251 1251 1287 casa
1289 1238 1392 1288 est:
1437 1255 1506 1290 ne
1544 1239 1607 1289 tu
1645 1237 1833 1306 pusilli

121 1308 288 1361 animi
334 1326 390 1361 es
437 1311 493 1361 et
531 1306 742 1360 sordide
782 1325 838 1360 se
877 1307 1232 1376 consolantis,
1276 1310 1324 1362 si
1363 1309 1484 1364 ideo
1524 1310 1580 1363 id
1618 1311 1834 1365 fortiter

119 1383 342 1451 pateris,
392 1382 521 1450 quia
570 1380 789 1435 Romuli
840 1399 1017 1437 casam
1067 1383 1226 1436 nosti.
1305 1383 1391 1438 dic
1441 1385 1577 1438 illud
1627 1385 1832 1454 potius:

122 1457 293 1509 ‘istud
339 1456 543 1509 humile
589 1457 867 1528 tugurium
913 1476 1107 1527 nempe
1153 1458 1380 1512 virtutes
1418 1458 1648 1529 recipit?
1723 1460 1832 1513 iam

122 1531 371 1583 omnibus
410 1530 627 1601 templis
666 1531 957 1586 formosius
998 1533 1122 1602 erit,
1160 1549 1283 1586 cum
1322 1533 1436 1587 illic
1467 1533 1676 1587 iustitia
1706 1552 1831 1588 con-

121 1608 306 1674 specta
342 1605 527 1675 fuerit,
575 1625 698 1661 cum
738 1607 1093 1677 continentia,
1133 1625 1256 1662 cum
1295 1607 1605 1678 prudentia,
1642 1607 1833 1678 pietas,

122 1679 364 1734 omnium
419 1681 725 1735 officiorum
778 1685 921 1735 recte
976 1682 1457 1752 dispensandorum
1511 1684 1674 1753 rati0,
1735 1685 1833 1737 hu-

120 1773 404 1809 manorum
451 1756 864 1824 divinorumque
912 1756 1148 1811 scientia.
1223 1758 1407 1812 nullus
1448 1762 1710 1830 angustus
1752 1762 1834 1813 est

119 1829 294 1899 locus,
327 1831 421 1900 qui
451 1830 593 1885 hanc
623 1834 735 1884 tam
767 1837 1085 1902 m‘agnarum
1117 1832 1400 1887 virtutium
1425 1835 1639 1888 turbam
1666 1834 1834 1904 capit3

119 1905 331 1958 nullum
378 1906 595 1959 exilium
647 1923 809 1977 grave
856 1908 960 1974 est,
1004 1906 1063 1959 in
1102 1908 1246 1976 quod
1283 1908 1412 1963 licet
1449 1927 1573 1963 cum
1613 1910 1719 1964 hoc
1756 1909 1834 1962 ire

122 1979 417 2034 comitatu?
492 1980 695 2034 Brutus
736 1981 794 2033 in
832 1998 894 2034 eo
934 1980 1099 2050 libro,
1146 1999 1306 2051 quem
1346 1983 1411 2037 de
1450 1984 1651 2038 virtute
1690 2001 1834 2038 com-

122 2052 326 2121 posuit,
373 2055 451 2107 ait
497 2074 552 2108 se
598 2055 915 2109 Marcellum
961 2053 1159 2109 vidisse
1203 2056 1478 2128 Mytilenis
1527 2059 1833 2112 exulantem

122 2130 197 2194 et,
248 2132 509 2196 quantum
561 2130 722 2183 modo
773 2133 965 2183 natura
1010 2129 1246 2185 hominis
1293 2135 1590 2202 pateretur,
1641 2132 1833 2186 beatis-

123 2201 256 2255 sime
316 2202 588 2256 viventem
641 2222 815 2273 neque
869 2221 1127 2274 umquam
1183 2207 1515 2276 cupidiorem
1570 2207 1834 2262 bonarum

123 2276 318 2330 artium
369 2295 528 2346 quam
576 2278 672 2331 illo
719 2283 975 2349 tempore.
1054 2278 1236 2348 itaque
1283 2282 1480 2349 adioit:‚
1514 2281 1691 2335 visum
1732 2282 1835 2336 sibi

271 2467 301 2512 3
333 2468 456 2513 aliae
488 2482 602 2514 corr.
629 2483 685 2514 ex
717 2469 813 2513 alia
837 2469 907 2515 A¹
936 2471 952 2528 11
982 2470 1012 2515 4
1043 2470 1246 2515 attutela
1270 2471 1338 2517 Αι
1362 2487 1476 2519 corr.
1502 2472 1574 2518 A’
1598 2472 1616 2532 ΙΙ
1646 2472 1702 2518 11
1728 2487 1834 2531 por-

122 2528 328 2573 rexerint
352 2530 613 2573 Pincianus
645 2531 931 2575 correxerint
955 2532 999 2575 A
1038 2531 1055 2599 'i
1097 2529 1155 2574 14
1187 2532 1342 2589 egecit
1365 2533 1435 2578 A¹
1466 2546 1578 2578 corr.
1605 2534 1658 2578 in
1687 2548 1831 2593 mar-y.

122 2602 179 2631 m.
203 2602 290 2634 rec.
322 2590 339 2646 ΙΙ
368 2588 428 2634 15
459 2601 571 2634 casa
595 2590 678 2633 est.
716 2589 787 2635 Ne
813 2590 850 2634 ec
874 2591 926 2635 tu
951 2589 1114 2647 pusilli
1147 2592 1294 2637 animi
1318 2606 1366 2638 es
1391 2592 1444 2651 &l
1477 2593 1523 2638 A
1553 2593 1633 2638 sed
1648 2599 1835 2651 praeter

122 2647 439 2705 «imprimas
463 2649 548 2695 litt.
575 2661 631 2693 ca
654 2682 669 2704 ‚
692 2663 808 2706 quae
832 2665 863 2695 a
885 2665 943 2696 m.
964 2655 989 2695 1
1013 2655 1143 2705 sunt,
1167 2656 1210 2696 et
1230 2651 1359 2698 Ne&
1382 2688 1396 2708 ‚
1422 2666 1538 2711 quae
1561 2667 1618 2699 m.
1638 2658 1666 2699 5
1689 2655 1834 2712 scrip-

121 2708 184 2752 sit
225 2714 308 2753 aut
348 2709 698 2766 redinteyravit,
739 2710 919 2767 reliqua
957 2711 1114 2755 omnia
1143 2712 1196 2756 in
1226 2726 1318 2757 ras.
1342 2727 1426 2759 scr.
1452 2710 1523 2759 A⁸
1553 2725 1644 2758 nae
1674 2715 1729 2758 tu
1761 2724 1789 2759 ς
1819 2714 1835 2775 ΙΙ

124 2766 180 2812 17
212 2768 384 2825 potius.
434 2768 589 2825 sistud
610 2769 679 2815 Δ*
710 2769 890 2826 potius3
931 2770 971 2815 si
1002 2770 1130 2815 istud
1163 2771 1233 2816 A⁶
1271 2771 1328 2828 (si
1360 2774 1412 2818 in
1443 2772 1554 2831 ras.)
1585 2773 1601 2832 ΙΙ
1639 2773 1697 2819 21
1731 2774 1834 2819 des-

123 2828 422 2932 ῗεηςαῐὶῗοτῡ
446 2829 491 2873 Δ
523 2829 540 2886 ΙΙ
575 2827 635 2873 24
663 2829 788 2885 quod
813 2830 999 2876 Fickert
1030 2843 1122 2887 quo
1148 2831 1193 2876 A
1222 2832 1239 2889 ΙΙ
1276 2831 1337 2877 28
1368 2831 1610 2889 Mytilenis
1634 2844 1663 2878 ς
1693 2834 1834 2891 myti-

143 2899 261 2931 enus

1864 1174 1890 1214 3
