2028 3106
196 116 280 159 AD
308 114 602 160 SERENVM
628 113 710 158 DE
735 112 1270 167 TRANQVILLITATE
1296 113 1477 157 ANIMI
1502 114 1628 158 CAP.
1650 118 1677 158 8
1743 115 1852 169 259

147 237 319 290 levior
365 237 519 289 dolor
564 234 635 287 sit
678 254 790 288 non
835 234 1030 287 habere
1070 251 1230 302 quam
1269 234 1512 302 perdere:
1559 238 1613 288 et
1650 234 1855 288 intelle-

148 330 336 383 gemus
374 309 680 379 paupertati
718 327 780 362 eo
820 309 1082 361 minorem
1120 311 1513 362 tormentorum
1547 327 1654 379 quo
1686 307 1854 362 mino-

147 405 261 439 rem
310 384 628 437 damnorum
675 401 788 436 esse
835 382 1125 436 materiam.
1204 400 1348 435 erras
1395 400 1562 451 emm,
1613 383 1658 437 si
1696 386 1853 467 putas

147 458 441 512 animosius
489 458 808 511 detrimenta
853 456 1044 510 divites
1089 456 1249 509 ferre.
1299 456 1548 509 maximis
1596 456 1855 510 minimis-

95 550 115 583 5
148 551 251 602 que
290 532 605 601 corporibus
643 550 741 602 par
777 533 859 584 est
896 530 1052 584 dolor
1088 530 1334 584 volneris.
1403 528 1545 582 Bion
1584 531 1854 602 eleganter

146 607 223 660 ait
273 624 385 660 non
438 606 617 660 minus
670 605 956 659 molestum
1015 622 1128 659 esse
1183 603 1347 659 calvis
1409 621 1570 672 quam
1629 605 1852 659 comatis

144 681 286 750 pilos
323 681 465 735 velli.
526 681 667 735 idem
700 679 835 734 scias
865 679 992 734 licet
1024 679 1089 734 de
1118 679 1442 750 pauperibus
1472 678 1854 748 locupletibus-

145 773 270 824 que,
317 774 416 825 par
460 755 568 809 illis
615 773 730 808 esse
774 757 1125 808 tormentum:
1172 755 1387 824 utrique
1434 753 1577 806 enim
1624 753 1852 822 pecunia

145 848 242 882 sua
280 829 524 883 obhaesit
559 846 660 883 nec
698 828 811 881 sine
851 847 1011 882 sensu
1048 829 1236 883 revelli
1266 830 1458 898 potest.
1517 826 1848 881 tolerabilius

70 921 113 954 ιο
143 907 323 958 autem
374 907 477 972 est,
530 907 593 956 ut
642 903 776 971 dixi,
829 902 1149 972 faciliusque
1199 921 1310 956 non
1361 901 1638 972 adquirere
1690 918 1850 970 quam

143 979 405 1047 amittere,
426 945 652 1046 ideoque
667 978 916 1031 laetiores
932 977 1155 1046 videbis,
1171 995 1306 1047 quos
1322 994 1616 1045 numquam
1634 975 1851 1028 fortuna

140 1052 400 1123 respexit,
439 1069 600 1136 quam
642 1068 776 1120 quos
816 1052 1061 1105 deseruit.
1130 1051 1266 1104 vidit
1303 1052 1407 1105 hoc
1446 1050 1731 1135 Diogenes,
1768 1049 1850 1103 vir

140 1127 377 1198 ingentis
428 1125 617 1195 animi,
670 1129 724 1179 et
777 1126 974 1194 effecit,
1023 1144 1092 1179 ne
1143 1126 1272 1195 quid
1320 1125 1422 1178 sibi
1470 1125 1604 1195 eripi
1653 1127 1835 1195 posset

141 1204 203 1254 tu
241 1201 386 1254 istud
431 1203 822 1270 paupertatem,
869 1200 1131 1269 inopiam,
1179 1202 1470 1283 egestatem
1509 1217 1664 1268 voca,
1705 1198 1849 1268 quod

67 1291 110 1324 ιε
139 1276 288 1329 voles
335 1274 757 1345 ignominiosum
803 1274 1076 1327 securitati
1120 1292 1318 1327 nomen
1364 1274 1585 1342 inpone:
1646 1273 1847 1342 putabo

140 1349 286 1401 hunc
322 1366 435 1401 non
471 1365 585 1400 esse
624 1347 857 1414 felicem,
906 1347 950 1398 si
991 1364 1150 1414 quem
1189 1347 1324 1399 mihi
1362 1348 1527 1400 alium
1567 1347 1849 1414 inveneris,

139 1422 228 1475 cui
265 1421 404 1474 nihil
441 1423 638 1489 pereat.
702 1422 794 1472 aut
834 1438 935 1490 ego
974 1420 1159 1489 fallor,
1197 1423 1290 1472 aut
1328 1438 1555 1490 regnum
1595 1423 1675 1473 est
1708 1420 1848 1473 inter

139 1513 343 1563 avaros,
375 1492 880 1563 circumscriptores,
910 1494 1160 1578 latrones,
1192 1493 1483 1564 plagiarios
1514 1512 1682 1547 unum
1718 1511 1845 1562 esse,

139 1569 228 1624 cui
275 1568 458 1622 noceri
505 1586 617 1621 non
662 1567 848 1637 possit.
927 1568 973 1621 si
1020 1569 1140 1637 quis
1188 1568 1252 1621 de
1291 1567 1547 1622 felicitate
1585 1566 1845 1638 Diogenis

64 1661 110 1694 ao
139 1643 370 1712 dubitat,
402 1645 581 1713 potest
610 1641 752 1695 idem
785 1642 1027 1696 dubitare
1060 1646 1113 1696 et
1143 1642 1208 1695 de
1233 1642 1454 1696 deorum
1478 1641 1845 1695 inmortalium

140 1723 306 1787 statu,
356 1737 425 1772 an
474 1735 663 1787 parum
701 1717 854 1769 beate
894 1717 1112 1788 degant,
1164 1717 1307 1786 quod
1346 1717 1455 1771 illis
1492 1735 1592 1771 nec
1630 1716 1847 1787 praedia

137 1812 237 1848 nec
289 1761 435 1847 horti
490 1792 598 1845 sint
649 1808 749 1843 nec
803 1790 977 1844 alieno
1033 1793 1226 1845 colono
1279 1810 1406 1845 rura
1458 1791 1695 1862 pretiosa
1746 1810 1846 1846 nec

274 1868 339 1922 de
378 1868 436 1921 in
472 1866 591 1920 foro
630 1865 832 1918 faenus.
893 1883 1005 1918 non
1042 1869 1094 1918 te
1134 1866 1322 1935 pudet,
1361 1866 1604 1936 quisquis
1644 1865 1843 1919 divitiis

138 1941 428 2013 adstupes?
517 1940 721 2011 respice
783 1939 1012 2010 agedum
1066 1940 1348 1993 mundum·
1410 1941 1584 1994 nudos
1638 1940 1843 1995 videbis

64 2032 108 2066 ιο
138 2015 266 2070 deos
273 2057 290 2086 ,
327 2017 510 2070 omnia
549 2015 745 2084 dantis,
776 2014 913 2067 nihil
950 2013 1211 2066 habentis.
1272 2013 1417 2067 hunc
1456 2018 1517 2067 tu
1555 2033 1843 2083 pauperem

136 2093 296 2160 putas
349 2109 419 2144 an
471 2090 553 2144 dis
606 2089 999 2143 immortalibus
1056 2087 1306 2154 similem,
1371 2088 1463 2156 qui
1511 2106 1565 2141 se
1604 2087 1841 2141 fortuitis

139 2163 388 2218 omnibus
427 2164 611 2218 exuit?
670 2163 964 2218 feliciorem
995 2165 1055 2215 tu
1087 2161 1419 2214 Demetrium
1451 2159 1840 2230 Pompeianum

137 2256 321 2307 vocas,
368 2256 528 2309 quem
565 2256 677 2292 non
714 2238 910 2308 puduit
945 2236 1352 2306 locupletiorem
1392 2253 1505 2288 esse
1545 2233 1840 2305 Pompeio?

136 2331 390 2367 numerus
421 2313 503 2367 illi
534 2312 729 2366 cotidie
761 2330 1035 2366 servorum
1067 2311 1214 2365 velut
1245 2308 1554 2379 imperatori
1579 2310 1839 2366 exercitus

64 2401 109 2435 ω
136 2386 484 2455 referebatur,
546 2386 634 2440 cui
686 2386 794 2440 iam
856 2386 1058 2439 dudum
1113 2384 1329 2439 divitiae
1382 2401 1495 2437 esse
1549 2383 1840 2438 debuerant

139 2457 246 2512 duo
292 2459 478 2513 vicarii
525 2463 579 2512 et
625 2460 760 2514 cella
797 2460 983 2514 laxior.
1062 2463 1116 2513 at
1155 2457 1384 2529 Diogeni
1426 2475 1608 2512 servus
1648 2459 1836 2513 unicus

286 2603 319 2650 8
339 2603 729 2663 transponendum
745 2618 836 2651 esse
860 2604 1058 2648 comatis
1075 2617 1218 2661 quam
1235 2603 1380 2649 calvis
1404 2610 1550 2651 censet
1565 2620 1604 2651 v.
1622 2605 1664 2650 ἀ.
1681 2603 1802 2649 Vliet
1822 2603 1839 2661 Η

137 2663 168 2710 8
189 2665 339 2724 utriq,
364 2666 410 2712 A
441 2664 564 2724 quod
593 2669 698 2722 apte
727 2663 933 2720 defendit
959 2662 1095 2709 Gertz
1118 2664 1218 2710 coll.
1244 2664 1357 2709 dial.
1383 2663 1436 2709 X
1455 2667 1502 2721 8,
1520 2670 1544 2709 1
1576 2663 1785 2718 utrisque
1809 2672 1838 2706 ς·

139 2744 181 2784 σε
139 2740 332 2855 Μυσῷ
370 2740 388 2799 ss
427 2738 488 2785 1⁰
525 2723 731 2798 uin-ere
763 2738 833 2785 A⁶
871 2739 1119 2796 (scriptura
1149 2737 1218 2783 A¹
1248 2738 1392 2795 plane
1422 2740 1597 2784 incerta
1628 2741 1714 2805 est,
1743 2736 1839 2781 nisi

139 2799 482 2917 §walamunt
508 2800 753 2845 mumdum
785 2800 979 2844 litteram
1011 2796 1041 2840 d
1071 2796 1231 2854 fuisse)
1266 2798 1271 2856 Ι
1321 2796 1379 2843 12
1409 2798 1484 2843 uir
1514 2810 1569 2841 ex
1598 2795 1690 2839 uiri
1721 2808 1835 2841 corr.

138 2859 259 2903 inA
423 2858 777 2916 q.uodcor-raex
806 2856 1238 2916 quautvidffAn
1354 2854 1835 2912 hortiA¹(hpostea

141 2858 307 2966 nasein
319 2918 338 2974 ΙΙ
364 2873 455 2963 'lq
456 2919 508 2962 at
540 2917 740 2976 Diogeni
771 2918 885 2975 0019.
921 2915 1217 2970 addiogenen
1241 2916 1310 2962 A¹
1342 2918 1392 2960 at
1424 2915 1654 2971 diogenen
1680 2914 1748 2960 A⁶

1396 3004 1479 3047 17·

1885 542 1911 582 3

1881 1062 1908 1100 4
