2028 3106
101 935 144 967 10

99 1306 142 1339 15

222 126 306 171 AD
332 123 626 171 SERENVM
648 123 729 168 DE
754 122 1288 178 TRANQVILLITATE
1313 123 1492 168 ANIMI
1517 124 1644 170 CAP.
1671 129 1697 169 3
1767 125 1873 179 251

326 245 420 300 ΠΙ.
481 243 753 299 Adversus
813 245 920 298 hoc
978 244 1212 299 taedium
1275 263 1383 315 quo
1437 246 1637 300 auxilio
1691 249 1877 316 putem
1911 260 1933 299 1

179 321 436 375 utendum
477 319 700 390 quaeris.
770 323 1055 390 optumum
1094 323 1235 388 erat,
1270 322 1332 372 ut
1370 320 1446 373 ait
1483 319 1877 389 Athenodorus,

178 396 387 449 actione
440 413 620 448 rerum
673 397 728 448 et
778 393 858 447 rei
910 393 1157 463 publicae
1210 394 1527 448 tractatione
1583 398 1637 449 et
1683 394 1877 448 officiis

178 470 426 524 civilibus
466 488 521 523 se
560 469 807 522 detinere.
869 486 995 520 nam
1033 470 1096 520 ut
1134 467 1351 537 quidam
1390 470 1504 522 sole
1543 473 1703 539 atque
1733 487 1877 523 exer-

177 544 432 598 citatione
495 547 551 597 et
595 561 723 597 cura
779 542 1021 612 corporis
1072 541 1214 595 diem
1265 542 1499 596 educunt
1556 544 1878 614 athletisque

175 620 338 691 longe
382 618 732 672 utilissimum
779 620 862 670 est
909 617 1137 671 lacertos
1185 634 1310 671 suos
1356 617 1647 687 roburque,
1695 619 1783 672 cui
1821 637 1878 672 se

177 694 270 747 uni
331 693 665 761 dicaverunt,
726 691 928 744 maiore
987 691 1245 761 temporis
1310 694 1462 761 parte
1515 691 1741 761 nutrire,
1803 692 1879 747 ita

176 767 328 822 vobis
376 768 614 821 animum
654 766 721 820 ad
759 784 938 819 rerum
978 766 1220 820 civilium
1259 769 1528 820 certamen
1565 765 1877 837 parantibus

175 843 233 896 in
280 860 439 912 opere
479 859 591 894 esse
629 858 738 894 uno
777 840 939 911 longe
978 840 1399 910 pulcherrimum
1439 844 1541 911 est3
1588 859 1714 894 nam
1754 858 1877 895 cum

176 917 365 970 utilem
424 934 479 969 se
537 916 747 970 efficere
805 914 1010 968 civibus
1064 915 1488 985 mortalibusque
1537 915 1877 986 propositum

173 991 390 1058 habeat,
445 990 605 1043 simul
651 993 706 1043 et
751 992 1026 1042 exercetur
1070 993 1123 1043 et
1167 991 1406 1061 proficit,
1453 990 1546 1060 qui
1592 990 1649 1044 in
1686 989 1877 1044 mediis

175 1083 231 1118 se
285 1064 479 1118 officiis
532 1064 717 1135 posuit
765 1064 1072 1117 communia
1115 1066 1430 1135 privataque
1476 1083 1575 1135 pro
1622 1065 1877 1119 facultate

174 1139 567 1193 administrans.
645 1138 765 1191 sed
818 1138 945 1207 quia
994 1139 1052 1191 in
1099 1139 1228 1194 hac'
1277 1140 1456 1210 inquit
1506 1140 1642 1194 ‘tam
1690 1141 1878 1195 insana

173 1213 454 1267 hominum
517 1213 812 1267 ambitione
872 1215 956 1265 tot
1009 1214 1484 1268 calumniatoribus
1534 1215 1593 1268 in
1647 1215 1877 1268 deterius

173 1291 318 1342 recta
361 1288 739 1358 torquentibus
786 1305 977 1356 parum
1022 1291 1141 1341 tuta
1186 1288 1503 1358 simplicitas
1543 1292 1625 1342 est
1662 1292 1716 1342 et
1753 1290 1876 1359 plus

171 1363 413 1418 futurum
461 1380 672 1432 semper
709 1363 791 1414 est
830 1360 974 1431 quod
1014 1362 1189 1416 obstet
1228 1381 1390 1433 quam
1431 1363 1575 1431 quod
1614 1363 1877 1435 succedat,

172 1457 204 1491 a
248 1437 371 1490 foro
420 1437 635 1520 quidem
682 1438 735 1488 et
781 1436 999 1505 publico
1046 1437 1398 1491 recedendum
1437 1440 1539 1506 est,
1587 1438 1679 1491 sed
1716 1437 1878 1491 habet

171 1512 267 1565 ubi
305 1528 361 1564 se
400 1512 561 1563 etiam
600 1511 657 1563 ιιι
694 1510 906 1579 privato
945 1511 1065 1563 laxe
1104 1513 1336 1581 explicet
1374 1530 1602 1596 magnus
1642 1512 1876 1582 animus3

170 1603 270 1640 nec
306 1588 371 1639 ut
405 1585 625 1638 leonum
664 1585 1084 1654 animaliumque
1115 1586 1348 1656 impetus
1381 1586 1554 1641 caveis
1587 1589 1874 1656 coercetur,

172 1661 250 1714 sic
298 1658 604 1728 hominum,
663 1677 893 1729 quorum
943 1660 1207 1714 maximae
1255 1661 1314 1715 ιιι
1362 1661 1583 1715 seducto
1638 1662 1874 1716 actiones

171 1737 308 1789 sunt.
372 1735 449 1788 ita
485 1737 665 1788 tamen
704 1734 998 1805 delituerit,
1036 1738 1097 1788 ut
1143 1735 1478 1821 ubicumque
1506 1734 1678 1788 otium
1717 1753 1872 1791 suum

170 1809 528 1879 absconderit,
558 1809 811 1879 prodesse
842 1811 973 1863 velit
997 1810 1224 1882 singulis
1247 1810 1617 1878 universisque
1642 1810 1875 1881 ingeni0,

170 1901 323 1954 voce,
361 1884 613 1953 consili03
650 1902 750 1938 nec
788 1885 931 1938 enim
971 1885 1016 1939 is
1057 1885 1203 1939 solus
1243 1885 1320 1939 rei
1362 1883 1609 1954 publicae
1640 1885 1872 1955 prodest,

171 1959 265 2028 qui
303 1958 614 2013 candidatos
653 1958 887 2012 extrahit
922 1962 975 2012 et
1004 1962 1187 2013 tuetur
1215 1977 1335 2013 reos
1367 1962 1422 2012 et
1452 1957 1517 2011 de
1548 1975 1678 2027 pace
1708 1959 1872 2013 bello-

172 2050 275 2102 que
328 2035 528 2102 censet,
592 2032 684 2085 sed
738 2034 831 2101 qui
886 2034 1218 2088 iuventutem
1272 2032 1607 2102 exhortatur,
1669 2034 1763 2103 qui
1815 2033 1874 2088 ιιι

169 2110 320 2161 tanta
366 2108 630 2161 bonorum
678 2110 1085 2176 praeceptorum
1126 2108 1310 2179 inopia
1346 2106 1598 2160 virtutem
1646 2107 1873 2162 instillat

170 2180 384 2251 animis,
440 2182 534 2252 qui
588 2180 654 2235 ad
709 2182 990 2251 pecuniam
1040 2183 1417 2251 luxuriamque
1463 2199 1622 2236 cursu
1668 2183 1871 2236 ruentis

172 2258 388 2324 prensat
425 2274 488 2310 ac
518 2255 743 2310 retrahit
774 2259 849 2324 et,
889 2257 934 2309 si
964 2256 1103 2310 nihil
1133 2256 1302 2325 aliud,
1342 2258 1483 2310 certe
1515 2258 1872 2327 moratur,m
1814 2257 1872 2311 ιιι

320 2399 351 2444 5
389 2400 595 2446 educunt
629 2403 674 2448 A
716 2407 853 2456 recte,
896 2402 980 2457 cfr.
1017 2404 1143 2460 epist.
1184 2405 1286 2456 122,
1309 2405 1338 2446 3
1379 2401 1395 2460 ΙΙ
1440 2401 1470 2445 6
1508 2401 1736 2458 roborque
1771 2404 1817 2449 A
1855 2404 1872 2464 Η

171 2460 202 2505 8
233 2457 367 2504 uobis
398 2462 444 2505 A
483 2460 616 2506 nobis
646 2463 899 2520 v019.ante
931 2462 1091 2507 Haase
1142 2460 1218 2520 19
1254 2474 1349 2505 uno
1381 2460 1526 2520 Stanq
1527 2462 1544 2506 l
1574 2463 1671 2508 coll
1698 2463 1790 2509 Cic.
1816 2463 1871 2509 de

171 2534 236 2565 or.
269 2520 419 2565 1260
459 2520 856 2567 11162dediv.
892 2522 1040 2567 1159
1131 2534 1195 2565 or.
1228 2534 1264 2565 c.
1298 2521 1452 2576 17,5
1494 2523 1668 2567 nonA
1711 2525 1870 2567 nostro

175 2579 313 2625 Gertz
352 2579 369 2636 ΙΙ
411 2577 469 2623 18
478 2593 540 2636 eq
580 2594 675 2626 non
712 2581 834 2639 suqit
871 2594 940 2625 vv.
972 2581 1046 2626 dd.
1080 2580 1297 2626 Senecam
1329 2580 1424 2635 hic,
1455 2586 1506 2626 ut
1536 2583 1719 2639 saepius
1747 2583 1869 2637 fecit,

173 2638 455 2684 Athenodori
494 2640 639 2685 verbis
679 2642 761 2686 ita
789 2654 877 2685 sua
917 2640 1233 2694 immiscuisse,
1279 2645 1334 2685 ut
1376 2641 1456 2686 vix
1501 2642 1713 2687 dinoscas
1754 2654 1870 2697 quac

173 2696 610 2755 Aehevwdoriquae
646 2700 840 2746 Senecae
876 2699 1062 2768 fuerint.
1121 2698 1388 2745 crediderim
1417 2701 1526 2746 inde
1556 2716 1587 2746 a
1616 2700 1762 2746 verbis
1798 2699 1869 2744 ita

173 2758 332 2803 umen
355 2711 610 2803 delituerit
617 2774 658 2804 v.
673 2763 732 2805 21
756 2760 952 2806 Senecae
977 2759 1178 2816 incipere
1198 2761 1621 2806 sermocinationem
1643 2759 1659 2818 ΙΙ
1683 2758 1740 2803 18
1763 2757 1868 2805 laxe

174 2817 219 2860 A
249 2815 348 2863 lare
371 2826 400 2862 s
429 2821 471 2861 ει
492 2817 619 2922 0019.
627 2819 633 2875 Ι
672 2818 732 2864 20
755 2819 988 2863 maximae
1012 2819 1205 2876 Lipsius
1235 2820 1437 2865 maxime
1462 2822 1506 2865 A
1537 2820 1554 2878 ΙΙ
1583 2818 1643 2863 26
1667 2813 1869 2865 instillat

176 2875 335 2922 Haase
376 2875 619 2933 (estbene
643 2879 763 2924 ,VI
791 2882 862 2933 16,
885 2880 930 2933 6)
969 2877 1200 2924 instituat.
1235 2880 1280 2924 A
1319 2879 1528 2924 insinuat
1561 2878 1823 2937 Petschenig]
1851 2879 1869 2939 ΙΙ

173 2932 231 2977 27
265 2948 400 2980 cursu
431 2936 543 2993 vola.
578 2941 713 2981 cursu
739 2939 783 2983 A
816 2936 987 2982 cursim
1015 2937 1184 2983 Gruter
