2034 3086
69 1157 90 1195 1

547 500 614 559 L.
661 499 986 560 ANNAEI
1034 497 1400 560 SENECAE

260 647 1083 732 DIALOGORVM
1128 647 1496 729 LIBER
1540 650 1690 733 HI.

799 792 878 827 *An
902 793 1158 828 novum

868 896 951 941 DE
981 897 1089 942 IRA

816 1016 1063 1051 LIBER
1107 1018 1141 1052 1.

274 1135 314 1190 Ι.
354 1136 601 1207 Exegisti
639 1155 671 1189 a
709 1154 818 1205 me,
854 1135 1090 1207 Novate,
1135 1141 1198 1191 ut
1245 1138 1529 1192 scriberem
1581 1139 1831 1207 quemad-

126 1211 347 1265 modum
400 1213 584 1281 posset
637 1211 717 1263 ira
759 1211 941 1281 leniri,
992 1230 1092 1267 nec
1139 1212 1406 1265 immerito
1461 1211 1597 1264 mihi
1633 1212 1830 1267 videris

124 1287 270 1340 hunc
318 1286 604 1356 praecipue
655 1285 904 1339 affectum
951 1287 1291 1356 pertimuisse
1338 1285 1569 1339 maxime
1616 1305 1682 1340 ex
1720 1305 1831 1340 om-

123 1361 283 1415 nibus
322 1363 554 1414 taetrum
593 1377 656 1414 ac
692 1359 952 1413 rabidum.
1016 1362 1204 1416 ceteris
1244 1362 1387 1414 enim
1426 1360 1631 1430 aliquid
1663 1362 1830 1431 quieti

124 1436 430 1506 placidique
483 1435 646 1504 inest,
705 1434 796 1488 hic
848 1437 995 1489 totus
1049 1437 1348 1491 concitatus
1402 1437 1456 1487 et
1507 1436 1566 1488 in
1625 1436 1832 1507 impetu

125 1511 326 1565 doloris
377 1513 480 1579 est,
529 1527 801 1563 armorum
852 1511 1127 1581 sanguinis
1175 1509 1564 1581 suppliciorum
1609 1511 1831 1564 minime

123 1585 360 1639 humana
403 1585 586 1639 furens
626 1582 942 1670 cupiditate,
987 1586 1114 1639 dum
1162 1585 1316 1639 alteri
1353 1587 1546 1637 noceat
1584 1585 1668 1638 sui
1704 1604 1832 1656 neg-

122 1659 331 1729 legens,
375 1660 434 1713 in
482 1660 601 1729 ipsa
638 1660 845 1711 irruens
883 1659 991 1712 tela
1029 1663 1083 1713 et
1119 1659 1341 1713 ultionis
1382 1675 1562 1712 secum
1599 1659 1831 1712 ultorem

123 1736 390 1787 tracturae
444 1734 645 1788 avidus.
738 1732 957 1802 quidam
1018 1735 1199 1805 itaque
1253 1753 1282 1787 e
1332 1732 1662 1817 sapientibus
1700 1733 1830 1787 viris

124 1808 259 1860 iram
311 1807 560 1861 dixerunt
596 1810 812 1862 brevem
851 1807 1136 1879 insaniam3
1176 1826 1341 1878 aeque
1380 1806 1523 1860 enim
1563 1807 1830 1893 impotens

125 1882 209 1936 sui
259 1885 361 1950 est,
416 1882 622 1937 decoris
673 1882 863 1950 oblita,
914 1883 1369 1938 necessitudinum
1414 1881 1721 1952 immemor,
1773 1882 1831 1936 in

127 1956 271 2025 quod
325 1957 504 2025 coepit
556 1958 804 2026 pertinax
857 1959 910 2009 et
955 1958 1183 2027 intenta,
1234 1956 1432 2010 rationi
1485 1956 1830 2042 consiliisque

126 2030 427 2101 praeclusa,
478 2031 631 2084 vam's
686 2031 889 2102 agitata
941 2033 1139 2102 causis,
1191 2032 1259 2085 ad
1312 2030 1612 2099 dispectum
1673 2033 1830 2101 aequi

125 2105 344 2175 verique
383 2104 660 2173 inhabilis,
698 2105 867 2158 ruinis
901 2105 1200 2175 simillima,
1239 2123 1374 2175 quae
1406 2122 1566 2173 super
1596 2105 1653 2158 id
1685 2106 1829 2175 quod

127 2198 438 2251 oppressere
477 2179 811 2250 franguntur.
877 2181 939 2231 ut
978 2181 1113 2235 scias
1154 2183 1330 2235 autem
1368 2196 1481 2231 non
1519 2197 1631 2233 esse
1671 2199 1828 2235 sanos

275 2314 338 2357 In
368 2312 415 2357 A
446 2312 557 2356 haee
580 2311 762 2367 payina
800 2310 897 2366 (fol.
924 2313 1030 2368 12r)
1071 2313 1316 2358 recentiore
1354 2323 1497 2354 manu
1533 2313 1708 2368 scripta
1750 2316 1826 2356 est.

126 2371 251 2416 Eius
281 2373 537 2429 scripturas
561 2370 797 2415 Gertzium
826 2375 1009 2416 secutus
1039 2371 1193 2417 littera
1211 2386 1247 2416 a
1269 2370 1472 2427 siynavi,
1496 2371 1591 2415 eod.
1617 2371 1827 2416 Lauren-

126 2431 249 2476 tiami
279 2431 492 2477 lectiones
520 2431 576 2476 L.

276 2492 306 2537 2
341 2493 535 2539 'imerito
567 2508 598 2539 α
630 2495 690 2551 (et
717 2492 784 2536 sic
813 2505 987 2549 semper
1020 2495 1184 2550 ipetus
1219 2493 1413 2550 {potens
1441 2493 1539 2550 ete.)
1562 2492 1579 2552 Η
1601 2491 1631 2537 4
1652 2492 1827 2537 tetrum

127 2568 158 2598 α
196 2554 440 2610 (nusquam
469 2555 579 2599 haee
616 2566 783 2599 manus
822 2564 877 2596 ae
919 2553 1097 2610 scribit,
1135 2553 1268 2599 semel
1297 2565 1344 2611 e,
1384 2551 1500 2596 alibi
1536 2565 1708 2609 semper
1738 2550 1782 2606 e)
1812 2548 1830 2607 Η

127 2615 157 2660 5
187 2615 237 2659 111
261 2613 400 2672 'ipetu
432 2616 606 2662 doloris
638 2618 710 2662 est
741 2631 772 2661 a
801 2615 852 2659 in
883 2615 1064 2672 impetu
1092 2619 1164 2662 est
1188 2614 1362 2661 doloris
1386 2614 1431 2659 L
1461 2614 1513 2658 in
1535 2614 1718 2671 impetu
1740 2612 1827 2663 est

128 2673 303 2720 doloris
345 2688 431 2731 eqs.
468 2677 797 2722 commendavit
837 2689 985 2732 nuper
1027 2677 1096 2722 W
1125 2675 1302 2722 Gemoll
1343 2672 1360 2733 ΙΙ
1403 2674 1428 2718 7
1467 2673 1713 2732 negligens
1744 2685 1776 2715 a
1811 2670 1830 2730 Η

128 2735 157 2781 8
179 2733 373 2779 ultionis
405 2734 462 2792 (ti
484 2736 538 2780 in
559 2739 670 2806 ras.)
702 2751 733 2781 a
748 2736 793 2781 L
819 2729 825 2790 l
855 2747 1012 2779 secum
1035 2735 1237 2781 ultorem
1259 2734 1444 2779 tractue
1468 2733 1513 2778 L
1544 2735 1653 2778 secfi
1675 2729 1828 2774 multa.

128 2808 179 2839 re
215 2796 425 2839 tracture
463 2808 576 2840 corr.
613 2797 666 2840 in
704 2809 813 2840 secu
850 2793 1002 2838 multa.
1032 2794 1104 2839 ira
1134 2796 1396 2840 tracturum
1427 2807 1458 2837 α
1498 2792 1516 2852 ΙΙ
1556 2791 1613 2837 11
1647 2788 1827 2834 decoris

129 2869 165 2901 c.
191 2859 380 2900 accentu
411 2868 442 2898 a
470 2853 487 2913 ΙΙ
517 2852 577 2898 13
608 2854 870 2912 dispectum
894 2854 938 2898 L
971 2853 1243 2911 despectum
1275 2868 1306 2898 α

1886 1456 1905 1489 5

1863 1830 1906 1862 10
