2034 3086
192 60 296 114 168
457 15 462 17 ἓ
522 57 573 101 L.
598 37 835 100 ANNAE‘I
866 53 1140 100 SENECAE
1171 55 1329 100 DIAL.
1354 55 1466 101 LIB.
1491 55 1571 103 VI.

186 179 274 234 cui
311 179 420 233 frui
458 197 569 232 non
605 177 792 230 liceret
830 175 960 229 filio.
1029 176 1315 230 circumfer
1351 196 1448 247 per
1486 195 1699 231 omnem
1736 181 1890 231 noto-

184 272 326 323 rum,
389 253 700 324 ignotorum
759 250 1116 319 frequentiam
1178 251 1388 320 oculos,
1449 255 1729 305 occurrent
1787 251 1890 305 tibi

185 329 331 397 passi
390 327 588 395 ubique
650 325 868 378 maiora.
967 327 1245 378 senserunt
1305 325 1409 379 ista
1468 326 1652 396 magni
1713 326 1886 396 duceS,

186 404 465 456 senserunt
502 399 797 469 principes3
845 417 913 452 ne
953 398 1078 452 deos
1119 398 1335 467 quidem
1372 399 1586 452 fabulae
1624 400 1886 455 immunes

184 477 536 545 reliquerunt,
587 475 742 542 put0,
789 475 852 525 ut
895 475 1203 526 nostrorum
1241 472 1490 527 funerum
1527 474 1886 528 levamentum
1941 492 1961 525 5

186 554 323 604 esset
384 549 544 601 etiam
603 547 784 600 divina
837 547 1126 600 concidere.
1221 547 1591 618 circumspice,
1653 548 1885 618 inquam,

186 623 380 677 omnis:
434 622 641 674 nullam
679 625 787 674 tam
826 621 1076 674 miseram
1113 620 1417 675 nominabis
1457 622 1698 690 domum,
1750 640 1886 691 quae

182 716 293 751 non
331 696 570 749 inveniat
608 695 665 748 in
703 695 978 748 miseriore
1022 695 1293 748 solacium.
1370 714 1481 749 non
1520 714 1604 749 me
1642 696 1885 749 hercules

182 774 293 825 tam
344 771 482 824 male
535 769 599 823 de
646 769 885 825 moribus
933 769 1040 823 tuis
1081 769 1275 838 sentio,
1313 772 1376 822 ut
1412 773 1598 839 putem
1636 788 1793 840 posse
1832 773 1886 822 te

182 845 352 900 levius
406 844 521 915 pati
576 862 758 898 casum
807 846 982 913 tuum,
1035 843 1080 898 si
1128 843 1228 897 tibi
1274 843 1547 914 ingentem
1584 845 1884 916 lugentium
1918 863 1958 895 10

181 939 464 974 numerum
495 918 823 989 produxero:
855 918 1169 972 malivolum
1201 918 1387 972 solacii
1418 936 1586 989 genus
1619 923 1699 973 est
1729 919 1886 973 turba

182 995 523 1063 miserorum3
563 993 825 1062 quosdam
863 996 1043 1046 tamen
1081 993 1328 1061 referam,
1366 1011 1478 1046 non
1514 996 1577 1046 ut
1615 995 1750 1047 scias
1781 994 1886 1047 hoc

183 1070 351 1122 solere
389 1068 697 1121 hominibus
737 1067 975 1121 accidere
1010 1098 1084 1105 —
1122 1067 1408 1121 ridiculum
1447 1070 1529 1119 est
1566 1068 1709 1121 enim
1748 1086 1884 1121 mor-

181 1143 404 1196 talitatis
468 1142 714 1211 exempla
775 1142 1029 1212 colligere
1090 1172 1185 1210 —,
1248 1141 1341 1195 sed
1400 1143 1463 1194 ut
1524 1141 1659 1195 scias
1720 1142 1886 1196 fuisse

181 1218 403 1285 multos,
459 1216 553 1284 qui
604 1216 836 1268 lenirent
888 1234 1077 1285 aspera
1127 1215 1334 1285 placide
1385 1215 1616 1269 ferendo.
1695 1234 1726 1268 a
1771 1216 1886 1269 feli·
1918 1233 1960 1267 15

182 1291 398 1345 cissimo
450 1290 718 1359 incipiam.
797 1288 855 1342 L.
890 1288 1042 1343 Sulla
1080 1290 1264 1343 filium
1311 1290 1511 1359 amisit,
1556 1308 1655 1344 nec
1702 1309 1763 1343 ea
1800 1308 1885 1344 res

182 1369 274 1418 aut
329 1364 590 1418 malitiam
646 1365 759 1418 eius
815 1367 869 1417 et
921 1364 1234 1418 acerrimam
1290 1365 1545 1417 virtutem
1597 1365 1655 1417 in
1703 1365 1885 1418 hostes

183 1440 432 1508 civesque
472 1438 719 1492 contudit
756 1441 850 1491 aut
890 1438 1085 1506 effecit,
1125 1441 1187 1491 ut
1226 1456 1525 1508 cognomen
1563 1438 1698 1491 illud
1735 1457 1887 1491 usur-

182 1532 338 1583 passe
375 1512 513 1566 falso
553 1511 844 1581 videretur,
885 1512 1030 1582 quod
1068 1512 1265 1566 amisso
1304 1511 1418 1566 filio
1459 1511 1759 1582 adsumpsit
1787 1530 1887 1566 nec

184 1587 306 1641 odia
358 1587 641 1640 hominum
694 1587 917 1655 veritus,
960 1592 1203 1655 ‘quorum
1249 1586 1392 1640 malo
1439 1586 1563 1640 illae
1608 1587 1768 1641 nimis
1810 1605 1885 1641 se-
1918 1606 1961 1638 20

183 1661 387 1717 eundae
424 1679 508 1714 res
549 1660 888 1729 constabant,
934 1678 1034 1713 nec
1073 1659 1330 1714 invidiam
1370 1660 1590 1714 deorum
1598 1703 1612 1730 ,
1657 1680 1884 1732 quorum

183 1736 319 1790 illud
359 1735 560 1789 crimen
599 1738 733 1804 erat,
775 1733 926 1788 Sulla
963 1737 1076 1788 tam
1114 1734 1257 1788 felix.
1322 1735 1415 1789 sed
1453 1736 1598 1790 istud
1632 1736 1771 1789 inter
1800 1754 1884 1788 res

181 1811 423 1864 nondum
461 1808 721 1863 iudicatas
761 1810 936 1878 abeat,
985 1809 1158 1879 qualis
1200 1807 1351 1863 Sulla
1388 1810 1552 1863 fuerit
1599 1841 1674 1848 —
1724 1811 1885 1863 etiam

183 1885 389 1939 inimici
441 1883 752 1938 fatebuntur
803 1884 938 1937 bene
988 1884 1142 1937 illum
1193 1902 1341 1937 arma
1391 1883 1702 1954 sumpsisse,
1751 1885 1885 1937 bene

182 1960 427 2029 posuisse
486 1976 582 2011 —:
665 1957 772 2012 hoc
836 1958 900 2012 de
975 1975 1081 2028 quo
1163 1958 1341 2029 agitur
1413 1958 1703 2028 constabit,
1774 1977 1885 2012 non
1916 1976 1960 2012 2⁶

184 2050 299 2087 esse
369 2033 663 2086 maximum
725 2032 927 2085 malum
991 2032 1135 2101 quod
1197 2033 1358 2086 etiam
1420 2032 1486 2086 ad
1547 2032 1884 2087 felicissimos

182 2108 450 2178 pervenit·

333 2267 360 2312 1
394 2265 642 2312 circumfer
665 2267 894 2312 Erasmus
925 2267 1070 2311 circui
1093 2267 1200 2312 AF
1225 2267 1371 2311 circui
1403 2301 1413 2311 .
1441 2301 1450 2311 .
1478 2301 1487 2312 .
1521 2267 1668 2311 oculis
1691 2269 1886 2324 Lipsius

184 2327 384 2372 circuice
418 2362 428 2373 .
455 2361 464 2371 .
492 2361 502 2371 .
535 2326 694 2371 oculos
725 2327 914 2372 Fickert
937 2326 957 2429 μ
986 2325 1016 2371 3
1045 2325 1221 2383 ubique
1245 2325 1316 2371 A²
1343 2326 1418 2370 uri
1451 2340 1541 2383 que
1565 2327 1636 2372 A¹
1663 2333 1717 2372 ut
1745 2328 1836 2372 vid.
1874 2329 1879 2385 Ι

184 2386 347 2442 duces,
381 2387 625 2431 senserunt
647 2386 700 2430 F
722 2387 837 2443 volq.
872 2386 934 2429 du
957 2399 1032 2430 ces
1064 2385 1099 2443 (1
1121 2387 1312 2442 pwnctis
1337 2387 1514 2443 notata)
1547 2386 1776 2431 senserint
1799 2387 1845 2431 A
1879 2387 1885 2446 Ι

182 2445 212 2490 6
244 2446 500 2502 circuspice
530 2446 577 2490 A
608 2444 631 2514 j}
675 2445 699 2490 7
730 2446 831 2489 tam
863 2445 969 2490 add.
999 2445 1160 2490 eret
1195 2444 1212 2504 ΙΙ
1253 2444 1310 2489 11
1342 2444 1557 2490 maliuoli
1588 2445 1812 2490 solacium

183 2517 296 2550 corr.
331 2505 469 2550 Gertz
506 2503 721 2548 maliuoli
752 2503 912 2548 solatii
942 2505 1055 2561 voly.
1082 2517 1139 2548 ex
1169 2514 1197 2547 ς
1237 2503 1254 2563 ΙΙ
1294 2503 1354 2548 16
1393 2503 1501 2548 silla
1531 2505 1578 2549 A
1608 2506 1731 2561 (item
1760 2519 1800 2549 v.
1827 2507 1885 2549 22

184 2563 306 2620 sylla
335 2565 414 2621 23)
449 2564 466 2623 ΙΙ
509 2563 566 2608 17
605 2562 839 2607 malitiam
870 2564 917 2608 A
955 2562 1178 2606 militiam
1209 2563 1403 2619 Lipsius
1438 2563 1692 2608 malificam
1723 2564 1885 2608 melius

188 2622 323 2668 Gertz
351 2622 605 2667 malificam
630 2623 728 2667 eius
753 2635 809 2667 ac
831 2622 1086 2667 terrificam
1108 2622 1329 2666 virtutem
1354 2621 1580 2668 Schultess
1608 2623 1625 2683 Η
1655 2622 1713 2667 18
1737 2621 1884 2666 efficit

185 2695 296 2728 corr.
322 2683 375 2726 in
399 2681 557 2727 effecit
578 2682 704 2727 A¹·²
727 2681 749 2784 'i
772 2681 831 2726 19
853 2680 974 2727 falso
1001 2683 1162 2727 eret
1191 2680 1323 2726 saluo
1347 2682 1394 2727 A
1423 2681 1440 2741 Η
1468 2681 1528 2727 20
1550 2682 1674 2726 malo
1698 2681 1810 2726 illae
1834 2681 1887 2726 F
1948 2678 1958 2686 ”

183 2746 237 2787 ut
273 2743 390 2787 coni.
426 2742 614 2787 Fickert
653 2755 731 2785 ma
751 2754 776 2786 e
814 2740 897 2786 illo
929 2742 976 2786 A
1013 2740 1152 2785 malis
1190 2740 1319 2785 illius
1351 2742 1610 2787 Pincianus
1647 2746 1689 2786 et
1721 2742 1833 2799 volq,
1864 2740 1882 2800 ΙΙ

184 2799 242 2904 ἓΙ
276 2800 558 2906 0011οὴ01)οΞ11
584 2802 844 2847 Pincianus
875 2802 1093 2846 constant
1115 2800 1162 2846 A
1190 2799 1208 2860 ΙΙ
1237 2799 1298 2845 26
1328 2800 1390 2844 ad
1421 2799 1715 2845 felicissimos
1739 2811 1767 2844 ς
1798 2800 1880 2844 ad-

204 2860 462 2905 entissimos
