<?xml version="1.0" encoding="UTF-8"?>
<!DOCTYPE html PUBLIC "-//W3C//DTD XHTML 1.0 Transitional//EN"
    "http://www.w3.org/TR/xhtml1/DTD/xhtml1-transitional.dtd">
<html xmlns="http://www.w3.org/1999/xhtml" xml:lang="en" lang="en">
 <head>
  <title>
</title>
<meta http-equiv="Content-Type" content="text/html;charset=utf-8" />
  <meta name='ocr-system' content='tesseract 3.04.00' />
  <meta name='ocr-capabilities' content='ocr_page ocr_carea ocr_par ocr_line ocrx_word'/>
</head>
<body>
  <div class='ocr_page' id='page_1' title='image "./f1operaquaesuper01seneuoft_0246.png"; bbox 0 0 2028 3106; ppageno 0'>
   <div class='ocr_carea' id='block_1_1' title="bbox 153 65 1536 123">
    <p class='ocr_par' dir='ltr' id='par_1_1' title="bbox 153 65 1536 123">
     <span class='ocr_line' id='line_1_1' title="bbox 153 65 1536 123; baseline -0.001 -9"><span class='ocrx_word' id='word_1_1' title='bbox 153 69 262 123; x_wconf 91' lang='grc'><strong>222</strong></span> <span class='ocrx_word' id='word_1_2' title='bbox 472 68 521 113; x_wconf 89' lang='lat' dir='ltr'><strong>L.</strong></span> <span class='ocrx_word' id='word_1_3' title='bbox 546 65 783 112; x_wconf 84' lang='lat' dir='ltr'><strong>ANNAEI</strong></span> <span class='ocrx_word' id='word_1_4' title='bbox 814 66 1086 112; x_wconf 84' lang='lat' dir='ltr'>SENECAE</span> <span class='ocrx_word' id='word_1_5' title='bbox 1117 66 1276 112; x_wconf 87' lang='lat' dir='ltr'><strong>DIAL.</strong></span> <span class='ocrx_word' id='word_1_6' title='bbox 1301 68 1411 115; x_wconf 90' lang='lat' dir='ltr'><strong>LIB.</strong></span> <span class='ocrx_word' id='word_1_7' title='bbox 1437 68 1536 114; x_wconf 88' lang='lat' dir='ltr'><strong>VH.</strong></span> 
     </span>
    </p>
   </div>
   <div class='ocr_carea' id='block_1_2' title="bbox 94 188 1925 1605">
    <p class='ocr_par' dir='ltr' id='par_1_2' title="bbox 94 188 1925 1605">
     <span class='ocr_line' id='line_1_2' title="bbox 152 188 1852 262; baseline 0.002 -21"><span class='ocrx_word' id='word_1_8' title='bbox 152 189 294 242; x_wconf 89' lang='lat' dir='ltr'><strong>idem</strong></span> <span class='ocrx_word' id='word_1_9' title='bbox 325 206 545 261; x_wconf 84' lang='lat' dir='ltr'><strong>magnas</strong></span> <span class='ocrx_word' id='word_1_10' title='bbox 578 206 728 257; x_wconf 87' lang='lat' dir='ltr'><strong>opes,</strong></span> <span class='ocrx_word' id='word_1_11' title='bbox 759 206 954 242; x_wconf 91' lang='lat' dir='ltr'><strong>munus</strong></span> <span class='ocrx_word' id='word_1_12' title='bbox 985 188 1231 257; x_wconf 87' lang='lat' dir='ltr'><strong>fortunae</strong></span> <span class='ocrx_word' id='word_1_13' title='bbox 1258 188 1597 260; x_wconf 84' lang='lat' dir='ltr'><strong>fructumque</strong></span> <span class='ocrx_word' id='word_1_14' title='bbox 1620 191 1852 262; x_wconf 82' lang='lat' dir='ltr'><strong>virtutis,</strong></span> 
     </span>
     <span class='ocr_line' id='line_1_3' title="bbox 151 263 1849 335; baseline 0.002 -18"><span class='ocrx_word' id='word_1_15' title='bbox 151 281 263 317; x_wconf 95' lang='lat' dir='ltr'><strong>non</strong></span> <span class='ocrx_word' id='word_1_16' title='bbox 299 263 603 333; x_wconf 85' lang='lat' dir='ltr'><strong>repudiabit</strong></span> <span class='ocrx_word' id='word_1_17' title='bbox 637 279 738 316; x_wconf 91' lang='lat' dir='ltr'><strong>nec</strong></span> <span class='ocrx_word' id='word_1_18' title='bbox 775 263 1033 316; x_wconf 77' lang='lat' dir='ltr'>excludet.</span> <span class='ocrx_word' id='word_1_19' title='bbox 1097 263 1225 332; x_wconf 90' lang='lat' dir='ltr'><strong>quid</strong></span> <span class='ocrx_word' id='word_1_20' title='bbox 1261 264 1403 317; x_wconf 84' lang='lat' dir='ltr'><strong>enim</strong></span> <span class='ocrx_word' id='word_1_21' title='bbox 1435 268 1515 319; x_wconf 91' lang='lat' dir='ltr'><strong>est</strong></span> <span class='ocrx_word' id='word_1_22' title='bbox 1547 284 1711 335; x_wconf 86' lang='lat' dir='ltr'><strong>quare</strong></span> <span class='ocrx_word' id='word_1_23' title='bbox 1741 266 1849 321; x_wconf 83' lang='lat' dir='ltr'><strong>illis</strong></span> 
     </span>
     <span class='ocr_line' id='line_1_4' title="bbox 94 335 1851 408; baseline 0.003 -20"><span class='ocrx_word' id='word_1_24' title='bbox 94 385 97 388; x_wconf 83' lang='lat'><strong>.</strong></span> <span class='ocrx_word' id='word_1_25' title='bbox 152 338 294 392; x_wconf 94' lang='lat' dir='ltr'><strong>bono</strong></span> <span class='ocrx_word' id='word_1_26' title='bbox 333 339 454 392; x_wconf 90' lang='lat' dir='ltr'><strong>loco</strong></span> <span class='ocrx_word' id='word_1_27' title='bbox 489 335 760 391; x_wconf 75' lang='lat' dir='ltr'><strong>invideat?</strong></span> <span class='ocrx_word' id='word_1_28' title='bbox 811 337 1051 407; x_wconf 81' lang='lat' dir='ltr'><strong>veniant,</strong></span> <span class='ocrx_word' id='word_1_29' title='bbox 1088 338 1441 408; x_wconf 65' lang='lat' dir='ltr'><strong>hospitentur.</strong></span> <span class='ocrx_word' id='word_1_30' title='bbox 1501 358 1601 394; x_wconf 90' lang='lat' dir='ltr'><strong>nec</strong></span> <span class='ocrx_word' id='word_1_31' title='bbox 1631 341 1851 395; x_wconf 85' lang='lat' dir='ltr'><strong>iactabit</strong></span> 
     </span>
     <span class='ocr_line' id='line_1_5' title="bbox 153 411 1849 485; baseline 0.002 -20"><span class='ocrx_word' id='word_1_32' title='bbox 153 413 294 467; x_wconf 57' lang='lat' dir='ltr'><strong>illas&gt;</strong></span> <span class='ocrx_word' id='word_1_33' title='bbox 314 415 432 466; x_wconf 58' lang='lat' dir='ltr'><strong>”nec</strong></span> <span class='ocrx_word' id='word_1_34' title='bbox 493 411 784 466; x_wconf 83' lang='lat' dir='ltr'><strong>abscondet</strong></span> <span class='ocrx_word' id='word_1_35' title='bbox 828 442 902 450; x_wconf 93' lang='grc'><strong>--</strong></span> <span class='ocrx_word' id='word_1_36' title='bbox 948 413 1191 466; x_wconf 69' lang='lat' dir='ltr'><strong>aiterum&#39;</strong></span> <span class='ocrx_word' id='word_1_37' title='bbox 1236 412 1482 467; x_wconf 78' lang='lat' dir='ltr'><strong>infruniti</strong></span> <span class='ocrx_word' id='word_1_38' title='bbox 1535 414 1702 468; x_wconf 86' lang='lat' dir='ltr'><strong>animi</strong></span> <span class='ocrx_word' id='word_1_39' title='bbox 1755 418 1849 485; x_wconf 88' lang='lat' dir='ltr'><strong>est,</strong></span> 
     </span>
     <span class='ocr_line' id='line_1_6' title="bbox 153 486 1924 558; baseline 0 -18"><span class='ocrx_word' id='word_1_40' title='bbox 153 487 379 541; x_wconf 86' lang='lat' dir='ltr'><strong>alterum</strong></span> <span class='ocrx_word' id='word_1_41' title='bbox 417 486 595 540; x_wconf 88' lang='lat' dir='ltr'><strong>timidi</strong></span> <span class='ocrx_word' id='word_1_42' title='bbox 641 490 694 540; x_wconf 91' lang='lat' dir='ltr'><strong>et</strong></span> <span class='ocrx_word' id='word_1_43' title='bbox 738 486 946 557; x_wconf 81' lang='lat' dir='ltr'><strong>pusilli,</strong></span> <span class='ocrx_word' id='word_1_44' title='bbox 991 488 1140 541; x_wconf 83' lang='lat' dir='ltr'><strong>velut</strong></span> <span class='ocrx_word' id='word_1_45' title='bbox 1177 504 1433 558; x_wconf 84' lang='lat' dir='ltr'><strong>magnum</strong></span> <span class='ocrx_word' id='word_1_46' title='bbox 1469 489 1671 542; x_wconf 89' lang='lat' dir='ltr'><strong>bonum</strong></span> <span class='ocrx_word' id='word_1_47' title='bbox 1710 490 1852 543; x_wconf 89' lang='lat' dir='ltr'><strong>intra</strong></span> <span class='ocrx_word' id='word_1_48' title='bbox 1904 506 1924 540; x_wconf 75' lang='lat'><strong>⁶</strong></span> 
     </span>
     <span class='ocr_line' id='line_1_7' title="bbox 153 561 1850 631; baseline 0.002 -17"><span class='ocrx_word' id='word_1_49' title='bbox 153 562 330 615; x_wconf 85' lang='lat' dir='ltr'><strong>sinum</strong></span> <span class='ocrx_word' id='word_1_50' title='bbox 370 561 692 616; x_wconf 88' lang='lat' dir='ltr'><strong>continentis</strong></span> <span class='ocrx_word' id='word_1_51' title='bbox 722 592 785 599; x_wconf 91' lang='lat'><strong>—</strong></span> <span class='ocrx_word' id='word_1_52' title='bbox 812 579 935 631; x_wconf 87' lang='lat' dir='ltr'><strong>nec,</strong></span> <span class='ocrx_word' id='word_1_53' title='bbox 979 565 1041 615; x_wconf 92' lang='lat' dir='ltr'><strong>ut</strong></span> <span class='ocrx_word' id='word_1_54' title='bbox 1079 562 1212 630; x_wconf 83' lang='lat' dir='ltr'><strong>dixi,</strong></span> <span class='ocrx_word' id='word_1_55' title='bbox 1258 562 1414 616; x_wconf 90' lang='lat' dir='ltr'><strong>eiciet</strong></span> <span class='ocrx_word' id='word_1_56' title='bbox 1449 564 1568 618; x_wconf 85' lang='lat' dir='ltr'><strong>illas</strong></span> <span class='ocrx_word' id='word_1_57' title='bbox 1607 582 1636 617; x_wconf 90' lang='lat' dir='ltr'><strong>e</strong></span> <span class='ocrx_word' id='word_1_58' title='bbox 1675 563 1850 618; x_wconf 76' lang='lat' dir='ltr'><strong>domo,</strong></span> 
     </span>
     <span class='ocr_line' id='line_1_8' title="bbox 155 635 1851 709; baseline 0.002 -20"><span class='ocrx_word' id='word_1_59' title='bbox 155 636 284 705; x_wconf 86' lang='lat' dir='ltr'><strong>quid</strong></span> <span class='ocrx_word' id='word_1_60' title='bbox 322 636 466 690; x_wconf 91' lang='lat' dir='ltr'><strong>enim</strong></span> <span class='ocrx_word' id='word_1_61' title='bbox 504 635 681 690; x_wconf 80' lang='lat' dir='ltr'><strong>dicet?</strong></span> <span class='ocrx_word' id='word_1_62' title='bbox 732 638 983 689; x_wconf 87' lang='lat' dir='ltr'><strong>utrumne</strong></span> <span class='ocrx_word' id='word_1_63' title='bbox 1023 636 1263 691; x_wconf 77' lang='lat' dir='ltr'><strong>‘inutiles</strong></span> <span class='ocrx_word' id='word_1_64' title='bbox 1303 636 1456 691; x_wconf 90' lang='lat' dir='ltr'><strong>estis&#39;</strong></span> <span class='ocrx_word' id='word_1_65' title='bbox 1495 656 1565 691; x_wconf 87' lang='lat' dir='ltr'><strong>an</strong></span> <span class='ocrx_word' id='word_1_66' title='bbox 1603 638 1730 709; x_wconf 77' lang='lat' dir='ltr'><strong>‘ego</strong></span> <span class='ocrx_word' id='word_1_67' title='bbox 1770 639 1851 692; x_wconf 91' lang='lat' dir='ltr'><strong>uti</strong></span> 
     </span>
     <span class='ocr_line' id='line_1_9' title="bbox 153 710 1850 782; baseline 0.002 -20"><span class='ocrx_word' id='word_1_68' title='bbox 153 710 354 765; x_wconf 85' lang='lat' dir='ltr'><strong>divitiis</strong></span> <span class='ocrx_word' id='word_1_69' title='bbox 410 711 654 766; x_wconf 79' lang='lat' dir='ltr'><strong>neseio&#39;?</strong></span> <span class='ocrx_word' id='word_1_70' title='bbox 742 710 1192 780; x_wconf 82' lang='lat' dir='ltr'><strong>quemadmodum</strong></span> <span class='ocrx_word' id='word_1_71' title='bbox 1249 711 1410 764; x_wconf 88' lang='lat' dir='ltr'><strong>etiam</strong></span> <span class='ocrx_word' id='word_1_72' title='bbox 1463 712 1689 782; x_wconf 86' lang='lat' dir='ltr'><strong>pedibus</strong></span> <span class='ocrx_word' id='word_1_73' title='bbox 1740 714 1850 767; x_wconf 87' lang='lat' dir='ltr'><strong>suis</strong></span> 
     </span>
     <span class='ocr_line' id='line_1_10' title="bbox 151 785 1851 856; baseline 0.001 -17"><span class='ocrx_word' id='word_1_74' title='bbox 151 785 350 855; x_wconf 90' lang='lat' dir='ltr'><strong>poterit</strong></span> <span class='ocrx_word' id='word_1_75' title='bbox 380 786 482 840; x_wconf 91' lang='lat' dir='ltr'><strong>iter</strong></span> <span class='ocrx_word' id='word_1_76' title='bbox 512 785 797 855; x_wconf 85' lang='lat' dir='ltr'><strong>conficere,</strong></span> <span class='ocrx_word' id='word_1_77' title='bbox 827 785 1106 840; x_wconf 81' lang='lat' dir='ltr'><strong>escendere</strong></span> <span class='ocrx_word' id='word_1_78' title='bbox 1135 789 1317 840; x_wconf 87' lang='lat' dir='ltr'><strong>tamen</strong></span> <span class='ocrx_word' id='word_1_79' title='bbox 1343 785 1649 841; x_wconf 86' lang='lat' dir='ltr'><strong>vehiculum</strong></span> <span class='ocrx_word' id='word_1_80' title='bbox 1673 787 1851 856; x_wconf 88' lang='lat' dir='ltr'><strong>malet,</strong></span> 
     </span>
     <span class='ocr_line' id='line_1_11' title="bbox 154 859 1925 932; baseline -0.001 -18"><span class='ocrx_word' id='word_1_81' title='bbox 154 861 232 915; x_wconf 84' lang='lat' dir='ltr'><strong>sic</strong></span> <span class='ocrx_word' id='word_1_82' title='bbox 276 879 482 931; x_wconf 84' lang='lat' dir='ltr'><strong>pauper</strong></span> <span class='ocrx_word' id='word_1_83' title='bbox 526 861 620 916; x_wconf 82' lang='lat' dir='ltr'><strong>etsi</strong></span> <span class='ocrx_word' id='word_1_84' title='bbox 656 859 857 931; x_wconf 90' lang='lat' dir='ltr'><strong>poterit</strong></span> <span class='ocrx_word' id='word_1_85' title='bbox 895 879 1030 930; x_wconf 90' lang='lat' dir='ltr'><strong>esse,</strong></span> <span class='ocrx_word' id='word_1_86' title='bbox 1070 861 1217 916; x_wconf 85' lang='lat' dir='ltr'><strong>dives</strong></span> <span class='ocrx_word' id='word_1_87' title='bbox 1256 861 1413 914; x_wconf 85' lang='lat' dir='ltr'><strong>volet.</strong></span> <span class='ocrx_word' id='word_1_88' title='bbox 1491 861 1594 932; x_wconf 90' lang='lat' dir='ltr'><strong>[et]</strong></span> <span class='ocrx_word' id='word_1_89' title='bbox 1633 862 1851 915; x_wconf 89' lang='lat' dir='ltr'><strong>habebit</strong></span> <span class='ocrx_word' id='word_1_90' title='bbox 1882 879 1925 912; x_wconf 91' lang='lat'><strong>10</strong></span> 
     </span>
     <span class='ocr_line' id='line_1_12' title="bbox 151 935 1852 1006; baseline 0.001 -17"><span class='ocrx_word' id='word_1_91' title='bbox 151 936 332 1005; x_wconf 90' lang='lat' dir='ltr'><strong>itaque</strong></span> <span class='ocrx_word' id='word_1_92' title='bbox 371 954 522 1006; x_wconf 86' lang='lat' dir='ltr'><strong>opes,</strong></span> <span class='ocrx_word' id='word_1_93' title='bbox 561 935 654 989; x_wconf 89' lang='lat' dir='ltr'><strong>sed</strong></span> <span class='ocrx_word' id='word_1_94' title='bbox 692 939 967 1006; x_wconf 88' lang='lat' dir='ltr'><strong>tamquam</strong></span> <span class='ocrx_word' id='word_1_95' title='bbox 1005 936 1148 992; x_wconf 83' lang='lat' dir='ltr'><strong>leves</strong></span> <span class='ocrx_word' id='word_1_96' title='bbox 1181 939 1234 990; x_wconf 88' lang='lat' dir='ltr'><strong>et</strong></span> <span class='ocrx_word' id='word_1_97' title='bbox 1264 936 1588 1006; x_wconf 84' lang='lat' dir='ltr'><strong>avolaturas,</strong></span> <span class='ocrx_word' id='word_1_98' title='bbox 1618 954 1718 991; x_wconf 91' lang='lat' dir='ltr'><strong>nec</strong></span> <span class='ocrx_word' id='word_1_99' title='bbox 1751 936 1852 990; x_wconf 90' lang='lat' dir='ltr'><strong>ulli</strong></span> 
     </span>
     <span class='ocr_line' id='line_1_13' title="bbox 152 1010 1850 1082; baseline 0 -17"><span class='ocrx_word' id='word_1_100' title='bbox 152 1011 245 1065; x_wconf 83' lang='lat' dir='ltr'><strong>alii</strong></span> <span class='ocrx_word' id='word_1_101' title='bbox 283 1030 370 1065; x_wconf 88' lang='lat' dir='ltr'><strong>eas</strong></span> <span class='ocrx_word' id='word_1_102' title='bbox 407 1028 508 1065; x_wconf 89' lang='lat' dir='ltr'><strong>nec</strong></span> <span class='ocrx_word' id='word_1_103' title='bbox 544 1010 648 1064; x_wconf 88' lang='lat' dir='ltr'><strong>sibi</strong></span> <span class='ocrx_word' id='word_1_104' title='bbox 685 1028 873 1082; x_wconf 83' lang='lat' dir='ltr'><strong>graves</strong></span> <span class='ocrx_word' id='word_1_105' title='bbox 912 1028 1027 1065; x_wconf 87' lang='lat' dir='ltr'><strong>esse</strong></span> <span class='ocrx_word' id='word_1_106' title='bbox 1064 1011 1310 1082; x_wconf 86' lang='lat' dir='ltr'><strong>patietur.</strong></span> <span class='ocrx_word' id='word_1_107' title='bbox 1373 1011 1595 1065; x_wconf 75' lang='lat' dir='ltr'><strong>donabit</strong></span> <span class='ocrx_word' id='word_1_108' title='bbox 1618 1042 1694 1049; x_wconf 92' lang='lat'>—</span> <span class='ocrx_word' id='word_1_109' title='bbox 1721 1011 1850 1081; x_wconf 89' lang='lat' dir='ltr'><strong>quid</strong></span> 
     </span>
     <span class='ocr_line' id='line_1_14' title="bbox 152 1084 1852 1157; baseline 0.001 -18"><span class='ocrx_word' id='word_1_110' title='bbox 152 1086 393 1140; x_wconf 88' lang='lat' dir='ltr'><strong>erexistis</strong></span> <span class='ocrx_word' id='word_1_111' title='bbox 433 1084 622 1140; x_wconf 75' lang='lat' dir='ltr'><strong>aures?</strong></span> <span class='ocrx_word' id='word_1_112' title='bbox 683 1085 813 1155; x_wconf 93' lang='lat' dir='ltr'><strong>quid</strong></span> <span class='ocrx_word' id='word_1_113' title='bbox 851 1086 1113 1157; x_wconf 88' lang='lat' dir='ltr'><strong>expeditis</strong></span> <span class='ocrx_word' id='word_1_114' title='bbox 1153 1084 1366 1140; x_wconf 81' lang='lat' dir='ltr'><strong>sinum?</strong></span> <span class='ocrx_word' id='word_1_115' title='bbox 1395 1117 1469 1125; x_wconf 94' lang='lat'>—</span> <span class='ocrx_word' id='word_1_116' title='bbox 1500 1085 1721 1140; x_wconf 79' lang='lat' dir='ltr'>donabit</span> <span class='ocrx_word' id='word_1_117' title='bbox 1758 1089 1852 1140; x_wconf 87' lang='lat' dir='ltr'><strong>aut</strong></span> 
     </span>
     <span class='ocr_line' id='line_1_15' title="bbox 150 1160 1850 1232; baseline -0.001 -17"><span class='ocrx_word' id='word_1_118' title='bbox 150 1161 306 1215; x_wconf 81' lang='lat' dir='ltr'><strong>bonis</strong></span> <span class='ocrx_word' id='word_1_119' title='bbox 345 1164 439 1215; x_wconf 85' lang='lat' dir='ltr'><strong>aut</strong></span> <span class='ocrx_word' id='word_1_120' title='bbox 477 1161 578 1231; x_wconf 87' lang='lat' dir='ltr'><strong>eis,</strong></span> <span class='ocrx_word' id='word_1_121' title='bbox 617 1178 750 1230; x_wconf 91' lang='lat' dir='ltr'><strong>quos</strong></span> <span class='ocrx_word' id='word_1_122' title='bbox 789 1160 963 1215; x_wconf 85' lang='lat' dir='ltr'><strong>facere</strong></span> <span class='ocrx_word' id='word_1_123' title='bbox 1000 1161 1199 1232; x_wconf 90' lang='lat' dir='ltr'><strong>poterit</strong></span> <span class='ocrx_word' id='word_1_124' title='bbox 1235 1161 1406 1215; x_wconf 88' lang='lat' dir='ltr'><strong>bonos</strong></span> <span class='ocrx_word' id='word_1_125' title='bbox 1415 1202 1430 1231; x_wconf 88' lang='lat'><strong><em>,</em></strong></span> <span class='ocrx_word' id='word_1_126' title='bbox 1468 1161 1690 1215; x_wconf 91' lang='lat' dir='ltr'><strong>donabit</strong></span> <span class='ocrx_word' id='word_1_127' title='bbox 1727 1179 1850 1215; x_wconf 90' lang='lat' dir='ltr'><strong>cum</strong></span> 
     </span>
     <span class='ocr_line' id='line_1_16' title="bbox 153 1235 1924 1308; baseline -0.002 -18"><span class='ocrx_word' id='word_1_128' title='bbox 153 1254 362 1290; x_wconf 90' lang='lat' dir='ltr'><strong>summo</strong></span> <span class='ocrx_word' id='word_1_129' title='bbox 402 1236 628 1291; x_wconf 90' lang='lat' dir='ltr'><strong>consilio</strong></span> <span class='ocrx_word' id='word_1_130' title='bbox 669 1235 1012 1308; x_wconf 83' lang='lat' dir='ltr'><strong>dignissimos</strong></span> <span class='ocrx_word' id='word_1_131' title='bbox 1051 1237 1278 1308; x_wconf 87' lang='lat' dir='ltr'><strong>eligens,</strong></span> <span class='ocrx_word' id='word_1_132' title='bbox 1318 1238 1380 1289; x_wconf 91' lang='lat' dir='ltr'><strong>ut</strong></span> <span class='ocrx_word' id='word_1_133' title='bbox 1419 1236 1511 1306; x_wconf 88' lang='lat' dir='ltr'><strong>qui</strong></span> <span class='ocrx_word' id='word_1_134' title='bbox 1550 1236 1852 1290; x_wconf 76' lang='lat' dir='ltr'><strong>meminerit</strong></span> <span class='ocrx_word' id='word_1_135' title='bbox 1883 1253 1924 1286; x_wconf 76' lang='lat'><strong>15</strong></span> 
     </span>
     <span class='ocr_line' id='line_1_17' title="bbox 151 1310 1851 1381; baseline -0.001 -17"><span class='ocrx_word' id='word_1_136' title='bbox 151 1314 263 1364; x_wconf 89' lang='lat' dir='ltr'><strong>tam</strong></span> <span class='ocrx_word' id='word_1_137' title='bbox 308 1329 665 1381; x_wconf 86' lang='lat' dir='ltr'><strong>expensorum</strong></span> <span class='ocrx_word' id='word_1_138' title='bbox 705 1329 866 1380; x_wconf 85' lang='lat' dir='ltr'><strong>quam</strong></span> <span class='ocrx_word' id='word_1_139' title='bbox 906 1314 1248 1381; x_wconf 86' lang='lat' dir='ltr'><strong>acceptorum</strong></span> <span class='ocrx_word' id='word_1_140' title='bbox 1285 1310 1548 1364; x_wconf 88' lang='lat' dir='ltr'><strong>rationem</strong></span> <span class='ocrx_word' id='word_1_141' title='bbox 1586 1329 1699 1365; x_wconf 89' lang='lat' dir='ltr'><strong>esse</strong></span> <span class='ocrx_word' id='word_1_142' title='bbox 1736 1310 1851 1364; x_wconf 87' lang='lat' dir='ltr'><strong>red·</strong></span> 
     </span>
     <span class='ocr_line' id='line_1_18' title="bbox 152 1385 1852 1456; baseline -0.001 -18"><span class='ocrx_word' id='word_1_143' title='bbox 152 1385 400 1455; x_wconf 90' lang='lat' dir='ltr'><strong>dendam‚</strong></span> <span class='ocrx_word' id='word_1_144' title='bbox 440 1385 664 1439; x_wconf 77' lang='lat' dir='ltr'><strong>donabit</strong></span> <span class='ocrx_word' id='word_1_145' title='bbox 692 1404 759 1439; x_wconf 83' lang='lat' dir='ltr'><strong>ex</strong></span> <span class='ocrx_word' id='word_1_146' title='bbox 788 1387 934 1439; x_wconf 86' lang='lat' dir='ltr'><strong>recta</strong></span> <span class='ocrx_word' id='word_1_147' title='bbox 965 1388 1018 1439; x_wconf 90' lang='lat' dir='ltr'><strong>et</strong></span> <span class='ocrx_word' id='word_1_148' title='bbox 1047 1385 1314 1456; x_wconf 85' lang='lat' dir='ltr'><strong>probabili</strong></span> <span class='ocrx_word' id='word_1_149' title='bbox 1345 1403 1525 1454; x_wconf 86' lang='lat' dir='ltr'><strong>causa,</strong></span> <span class='ocrx_word' id='word_1_150' title='bbox 1555 1403 1682 1438; x_wconf 88' lang='lat' dir='ltr'><strong>nam</strong></span> <span class='ocrx_word' id='word_1_151' title='bbox 1712 1385 1852 1438; x_wconf 88' lang='lat' dir='ltr'><strong>inter</strong></span> 
     </span>
     <span class='ocr_line' id='line_1_19' title="bbox 150 1459 1851 1530; baseline -0.001 -17"><span class='ocrx_word' id='word_1_152' title='bbox 150 1462 334 1530; x_wconf 78' lang='lat' dir='ltr'><strong>turpes</strong></span> <span class='ocrx_word' id='word_1_153' title='bbox 358 1460 589 1515; x_wconf 84' lang='lat' dir='ltr'><strong>iacturas</strong></span> <span class='ocrx_word' id='word_1_154' title='bbox 614 1460 815 1514; x_wconf 85' lang='lat' dir='ltr'><strong>malum</strong></span> <span class='ocrx_word' id='word_1_155' title='bbox 839 1478 1033 1514; x_wconf 86' lang='lat' dir='ltr'><strong>munus</strong></span> <span class='ocrx_word' id='word_1_156' title='bbox 1058 1463 1151 1530; x_wconf 84' lang='lat' dir='ltr'><strong>est,</strong></span> <span class='ocrx_word' id='word_1_157' title='bbox 1181 1459 1401 1514; x_wconf 90' lang='lat' dir='ltr'><strong>habebit</strong></span> <span class='ocrx_word' id='word_1_158' title='bbox 1424 1460 1602 1513; x_wconf 90' lang='lat' dir='ltr'><strong>sinum</strong></span> <span class='ocrx_word' id='word_1_159' title='bbox 1624 1459 1851 1529; x_wconf 79' lang='lat' dir='ltr'><strong>facilem,</strong></span> 
     </span>
     <span class='ocr_line' id='line_1_20' title="bbox 150 1533 1849 1605; baseline -0.001 -17"><span class='ocrx_word' id='word_1_160' title='bbox 150 1553 262 1589; x_wconf 94' lang='lat' dir='ltr'><strong>non</strong></span> <span class='ocrx_word' id='word_1_161' title='bbox 291 1535 646 1605; x_wconf 84' lang='lat' dir='ltr'><strong>perforatum,</strong></span> <span class='ocrx_word' id='word_1_162' title='bbox 677 1553 743 1588; x_wconf 88' lang='lat' dir='ltr'><strong>ex</strong></span> <span class='ocrx_word' id='word_1_163' title='bbox 775 1552 881 1604; x_wconf 91' lang='lat' dir='ltr'><strong>quo</strong></span> <span class='ocrx_word' id='word_1_164' title='bbox 913 1536 1085 1589; x_wconf 89' lang='lat' dir='ltr'><strong>multa</strong></span> <span class='ocrx_word' id='word_1_165' title='bbox 1114 1538 1329 1605; x_wconf 85' lang='lat' dir='ltr'><strong>exeant,</strong></span> <span class='ocrx_word' id='word_1_166' title='bbox 1369 1537 1424 1588; x_wconf 90' lang='lat' dir='ltr'><strong>et</strong></span> <span class='ocrx_word' id='word_1_167' title='bbox 1455 1534 1592 1588; x_wconf 84' lang='lat' dir='ltr'><strong>nihil</strong></span> <span class='ocrx_word' id='word_1_168' title='bbox 1628 1533 1849 1588; x_wconf 77' lang='lat' dir='ltr'><strong>excidat.</strong></span> 
     </span>
    </p>
   </div>
   <div class='ocr_carea' id='block_1_3' title="bbox 152 1623 1925 2219">
    <p class='ocr_par' dir='ltr' id='par_1_3' title="bbox 152 1623 1925 2219">
     <span class='ocr_line' id='line_1_21' title="bbox 300 1623 1925 1695; baseline -0.001 -17"><span class='ocrx_word' id='word_1_169' title='bbox 300 1623 498 1679; x_wconf 92' lang='lat' dir='ltr'><strong>XXIV.</strong></span> <span class='ocrx_word' id='word_1_170' title='bbox 558 1624 743 1695; x_wconf 85' lang='lat' dir='ltr'><strong>Errat,</strong></span> <span class='ocrx_word' id='word_1_171' title='bbox 780 1625 826 1678; x_wconf 88' lang='lat' dir='ltr'><strong>si</strong></span> <span class='ocrx_word' id='word_1_172' title='bbox 866 1625 986 1694; x_wconf 89' lang='lat' dir='ltr'><strong>quis</strong></span> <span class='ocrx_word' id='word_1_173' title='bbox 1025 1625 1298 1679; x_wconf 81' lang='lat' dir='ltr'><strong>existimat</strong></span> <span class='ocrx_word' id='word_1_174' title='bbox 1334 1623 1547 1679; x_wconf 84' lang='lat' dir='ltr'><strong>facilem</strong></span> <span class='ocrx_word' id='word_1_175' title='bbox 1586 1642 1699 1677; x_wconf 92' lang='lat' dir='ltr'><strong>rem</strong></span> <span class='ocrx_word' id='word_1_176' title='bbox 1738 1640 1851 1677; x_wconf 84' lang='lat' dir='ltr'><strong>esse</strong></span> <span class='ocrx_word' id='word_1_177' title='bbox 1883 1642 1925 1675; x_wconf 76' lang='lat' dir='ltr'><strong>so</strong></span> 
     </span>
     <span class='ocr_line' id='line_1_22' title="bbox 154 1697 1850 1770; baseline -0.002 -16"><span class='ocrx_word' id='word_1_178' title='bbox 154 1699 371 1754; x_wconf 84' lang='lat' dir='ltr'><strong>donare:</strong></span> <span class='ocrx_word' id='word_1_179' title='bbox 413 1699 707 1770; x_wconf 89' lang='lat' dir='ltr'><strong>plurimum</strong></span> <span class='ocrx_word' id='word_1_180' title='bbox 746 1700 850 1753; x_wconf 87' lang='lat' dir='ltr'><strong>ista</strong></span> <span class='ocrx_word' id='word_1_181' title='bbox 887 1718 970 1753; x_wconf 89' lang='lat' dir='ltr'><strong>res</strong></span> <span class='ocrx_word' id='word_1_182' title='bbox 1008 1699 1172 1753; x_wconf 88' lang='lat' dir='ltr'><strong>habet</strong></span> <span class='ocrx_word' id='word_1_183' title='bbox 1210 1699 1565 1768; x_wconf 84' lang='lat' dir='ltr'><strong>difficultatis,</strong></span> <span class='ocrx_word' id='word_1_184' title='bbox 1606 1698 1652 1752; x_wconf 89' lang='lat' dir='ltr'><strong>si</strong></span> <span class='ocrx_word' id='word_1_185' title='bbox 1689 1697 1850 1752; x_wconf 91' lang='lat' dir='ltr'><strong>modo</strong></span> 
     </span>
     <span class='ocr_line' id='line_1_23' title="bbox 153 1772 1852 1845; baseline -0.002 -16"><span class='ocrx_word' id='word_1_186' title='bbox 153 1775 378 1830; x_wconf 88' lang='lat' dir='ltr'><strong>consilio</strong></span> <span class='ocrx_word' id='word_1_187' title='bbox 416 1775 697 1844; x_wconf 74' lang='lat' dir='ltr'><strong>tribuitur,</strong></span> <span class='ocrx_word' id='word_1_188' title='bbox 732 1793 844 1828; x_wconf 93' lang='lat' dir='ltr'><strong>non</strong></span> <span class='ocrx_word' id='word_1_189' title='bbox 882 1792 1009 1829; x_wconf 90' lang='lat' dir='ltr'><strong>casu</strong></span> <span class='ocrx_word' id='word_1_190' title='bbox 1044 1777 1097 1828; x_wconf 89' lang='lat' dir='ltr'><strong>et</strong></span> <span class='ocrx_word' id='word_1_191' title='bbox 1127 1775 1332 1844; x_wconf 88' lang='lat' dir='ltr'><strong>impetu</strong></span> <span class='ocrx_word' id='word_1_192' title='bbox 1363 1774 1646 1845; x_wconf 75' lang='lat' dir='ltr'><strong>spargitur.</strong></span> <span class='ocrx_word' id='word_1_193' title='bbox 1707 1772 1852 1827; x_wconf 90' lang='lat' dir='ltr'><strong>hunc</strong></span> 
     </span>
     <span class='ocr_line' id='line_1_24' title="bbox 153 1848 1851 1920; baseline -0.002 -17"><span class='ocrx_word' id='word_1_194' title='bbox 153 1868 480 1920; x_wconf 86' lang='lat' dir='ltr'><strong>promereor,</strong></span> <span class='ocrx_word' id='word_1_195' title='bbox 530 1850 612 1904; x_wconf 89' lang='lat' dir='ltr'><strong>illi</strong></span> <span class='ocrx_word' id='word_1_196' title='bbox 655 1849 843 1919; x_wconf 81' lang='lat' dir='ltr'><strong>redd03</strong></span> <span class='ocrx_word' id='word_1_197' title='bbox 891 1850 1020 1903; x_wconf 90' lang='lat' dir='ltr'><strong>huic</strong></span> <span class='ocrx_word' id='word_1_198' title='bbox 1059 1867 1335 1919; x_wconf 87' lang='lat' dir='ltr'><strong>succurro,</strong></span> <span class='ocrx_word' id='word_1_199' title='bbox 1379 1848 1538 1902; x_wconf 87' lang='lat' dir='ltr'><strong>huius</strong></span> <span class='ocrx_word' id='word_1_200' title='bbox 1576 1848 1851 1917; x_wconf 82' lang='lat' dir='ltr'><strong>misereor3</strong></span> 
     </span>
     <span class='ocr_line' id='line_1_25' title="bbox 154 1924 1850 1996; baseline -0.002 -18"><span class='ocrx_word' id='word_1_201' title='bbox 154 1925 309 1978; x_wconf 80' lang='lat' dir='ltr'><strong>illum</strong></span> <span class='ocrx_word' id='word_1_202' title='bbox 370 1925 576 1979; x_wconf 87' lang='lat' dir='ltr'><strong>instruo</strong></span> <span class='ocrx_word' id='word_1_203' title='bbox 633 1925 856 1996; x_wconf 82' lang='lat' dir='ltr'><strong>dignum</strong></span> <span class='ocrx_word' id='word_1_204' title='bbox 910 1942 1069 1994; x_wconf 90' lang='lat' dir='ltr'><strong>quem</strong></span> <span class='ocrx_word' id='word_1_205' title='bbox 1122 1942 1234 1978; x_wconf 92' lang='lat' dir='ltr'><strong>non</strong></span> <span class='ocrx_word' id='word_1_206' title='bbox 1286 1924 1514 1978; x_wconf 88' lang='lat' dir='ltr'><strong>deducat</strong></span> <span class='ocrx_word' id='word_1_207' title='bbox 1565 1925 1850 1993; x_wconf 82' lang='lat' dir='ltr'><strong>paupertas</strong></span> 
     </span>
     <span class='ocr_line' id='line_1_26' title="bbox 152 1997 1924 2070; baseline -0.002 -18"><span class='ocrx_word' id='word_1_208' title='bbox 152 2018 251 2054; x_wconf 93' lang='lat' dir='ltr'><strong>nec</strong></span> <span class='ocrx_word' id='word_1_209' title='bbox 297 2003 618 2070; x_wconf 89' lang='lat' dir='ltr'><strong>occupatum</strong></span> <span class='ocrx_word' id='word_1_210' title='bbox 657 2002 856 2070; x_wconf 83' lang='lat' dir='ltr'><strong>teneat3</strong></span> <span class='ocrx_word' id='word_1_211' title='bbox 900 1998 1219 2069; x_wconf 88' lang='lat' dir='ltr'><strong>quibusdam</strong></span> <span class='ocrx_word' id='word_1_212' title='bbox 1257 2017 1368 2053; x_wconf 95' lang='lat' dir='ltr'><strong>non</strong></span> <span class='ocrx_word' id='word_1_213' title='bbox 1407 1998 1569 2067; x_wconf 83' lang='lat' dir='ltr'><strong>dabo,</strong></span> <span class='ocrx_word' id='word_1_214' title='bbox 1608 1997 1850 2066; x_wconf 84' lang='lat' dir='ltr'><strong>quamvis</strong></span> <span class='ocrx_word' id='word_1_215' title='bbox 1881 2015 1924 2048; x_wconf 78' lang='lat'><strong>25</strong></span> 
     </span>
     <span class='ocr_line' id='line_1_27' title="bbox 154 2072 1850 2144; baseline -0.001 -17"><span class='ocrx_word' id='word_1_216' title='bbox 154 2073 312 2144; x_wconf 83' lang='lat' dir='ltr'><strong>desit,</strong></span> <span class='ocrx_word' id='word_1_217' title='bbox 345 2075 491 2144; x_wconf 86' lang='lat' dir='ltr'><strong>quia,</strong></span> <span class='ocrx_word' id='word_1_218' title='bbox 521 2075 683 2128; x_wconf 86' lang='lat' dir='ltr'><strong>etiam</strong></span> <span class='ocrx_word' id='word_1_219' title='bbox 715 2075 761 2128; x_wconf 91' lang='lat' dir='ltr'><strong>si</strong></span> <span class='ocrx_word' id='word_1_220' title='bbox 792 2073 1007 2144; x_wconf 89' lang='lat' dir='ltr'><strong>dedero,</strong></span> <span class='ocrx_word' id='word_1_221' title='bbox 1040 2073 1141 2128; x_wconf 89' lang='lat' dir='ltr'><strong>erit</strong></span> <span class='ocrx_word' id='word_1_222' title='bbox 1171 2074 1501 2143; x_wconf 82' lang='lat' dir='ltr'><strong>defuturum3</strong></span> <span class='ocrx_word' id='word_1_223' title='bbox 1533 2072 1850 2141; x_wconf 89' lang='lat' dir='ltr'><strong>quibusdam</strong></span> 
     </span>
     <span class='ocr_line' id='line_1_28' title="bbox 155 2146 1851 2219; baseline -0.002 -15"><span class='ocrx_word' id='word_1_224' title='bbox 155 2149 398 2219; x_wconf 89' lang='lat' dir='ltr'><strong>offeram,</strong></span> <span class='ocrx_word' id='word_1_225' title='bbox 447 2148 766 2219; x_wconf 82' lang='lat' dir='ltr'><strong>quibusdam</strong></span> <span class='ocrx_word' id='word_1_226' title='bbox 811 2149 973 2203; x_wconf 87' lang='lat' dir='ltr'><strong>etiam</strong></span> <span class='ocrx_word' id='word_1_227' title='bbox 1018 2149 1313 2203; x_wconf 88' lang='lat' dir='ltr'><strong>inculcab0.</strong></span> <span class='ocrx_word' id='word_1_228' title='bbox 1389 2166 1500 2202; x_wconf 92' lang='lat' dir='ltr'><strong>non</strong></span> <span class='ocrx_word' id='word_1_229' title='bbox 1537 2164 1757 2217; x_wconf 85' lang='lat' dir='ltr'><strong>possum</strong></span> <span class='ocrx_word' id='word_1_230' title='bbox 1795 2146 1851 2200; x_wconf 89' lang='lat' dir='ltr'><strong>in</strong></span> 
     </span>
    </p>
   </div>
   <div class='ocr_carea' id='block_1_4' title="bbox 156 2292 1853 2950">
    <p class='ocr_par' dir='ltr' id='par_1_4' title="bbox 156 2292 1853 2950">
     <span class='ocr_line' id='line_1_29' title="bbox 304 2292 1853 2355; baseline -0.001 -15"><span class='ocrx_word' id='word_1_231' title='bbox 304 2295 334 2340; x_wconf 98' lang='grc'><strong><em>2</em></strong></span> <span class='ocrx_word' id='word_1_232' title='bbox 379 2296 648 2354; x_wconf 86' lang='lat' dir='ltr'><strong>repudiabit</strong></span> <span class='ocrx_word' id='word_1_233' title='bbox 685 2295 752 2342; x_wconf 79' lang='lat' dir='ltr'><strong>A¹</strong></span> <span class='ocrx_word' id='word_1_234' title='bbox 801 2295 849 2355; x_wconf 81' lang='lat' dir='ltr'><strong>(b</strong></span> <span class='ocrx_word' id='word_1_235' title='bbox 896 2310 953 2342; x_wconf 78' lang='lat' dir='ltr'><strong>ex</strong></span> <span class='ocrx_word' id='word_1_236' title='bbox 997 2311 1031 2340; x_wconf 92' lang='lat' dir='ltr'><strong>u</strong></span> <span class='ocrx_word' id='word_1_237' title='bbox 1075 2296 1209 2354; x_wconf 72' lang='lat' dir='ltr'><strong>corr.)</strong></span> <span class='ocrx_word' id='word_1_238' title='bbox 1262 2295 1369 2341; x_wconf 83' lang='lat' dir='ltr'><strong>item</strong></span> <span class='ocrx_word' id='word_1_239' title='bbox 1412 2309 1452 2340; x_wconf 87' lang='lat' dir='ltr'><strong>v.</strong></span> <span class='ocrx_word' id='word_1_240' title='bbox 1491 2297 1552 2341; x_wconf 81' lang='lat'><strong>24</strong></span> <span class='ocrx_word' id='word_1_241' title='bbox 1596 2292 1794 2340; x_wconf 86' lang='lat' dir='ltr'><strong>iactabit</strong></span> <span class='ocrx_word' id='word_1_242' title='bbox 1835 2293 1853 2352; x_wconf 79' lang='grc' dir='ltr'><strong>ΙΙ</strong></span> 
     </span>
     <span class='ocr_line' id='line_1_30' title="bbox 158 2353 1852 2416; baseline -0.002 -16"><span class='ocrx_word' id='word_1_243' title='bbox 158 2355 189 2400; x_wconf 85' lang='grc'><strong>6</strong></span> <span class='ocrx_word' id='word_1_244' title='bbox 223 2355 391 2415; x_wconf 78' lang='lat' dir='ltr'><strong>illaslle</strong></span> <span class='ocrx_word' id='word_1_245' title='bbox 426 2360 469 2401; x_wconf 99' lang='lat' dir='ltr'><em>A</em></span> <span class='ocrx_word' id='word_1_246' title='bbox 511 2357 642 2414; x_wconf 85' lang='lat' dir='ltr'><strong>(eras.</strong></span> <span class='ocrx_word' id='word_1_247' title='bbox 674 2356 766 2402; x_wconf 81' lang='lat' dir='ltr'><strong>vid.</strong></span> <span class='ocrx_word' id='word_1_248' title='bbox 800 2357 838 2414; x_wconf 84' lang='lat' dir='ltr'><strong>s)</strong></span> <span class='ocrx_word' id='word_1_249' title='bbox 880 2355 897 2416; x_wconf 88' lang='grc' dir='ltr'><strong>ΙΙ</strong></span> <span class='ocrx_word' id='word_1_250' title='bbox 937 2356 967 2401; x_wconf 87' lang='grc'>9</span> <span class='ocrx_word' id='word_1_251' title='bbox 999 2355 1247 2401; x_wconf 80' lang='lat' dir='ltr'><strong>escendere</strong></span> <span class='ocrx_word' id='word_1_252' title='bbox 1278 2354 1344 2400; x_wconf 86' lang='lat' dir='ltr'><strong>A¹</strong></span> <span class='ocrx_word' id='word_1_253' title='bbox 1386 2368 1499 2401; x_wconf 77' lang='lat' dir='ltr'><strong>corr.</strong></span> <span class='ocrx_word' id='word_1_254' title='bbox 1531 2355 1584 2399; x_wconf 76' lang='lat' dir='ltr'><strong>in</strong></span> <span class='ocrx_word' id='word_1_255' title='bbox 1615 2367 1714 2398; x_wconf 85' lang='lat' dir='ltr'><strong>asc-</strong></span> <span class='ocrx_word' id='word_1_256' title='bbox 1742 2353 1807 2398; x_wconf 66' lang='grc' dir='ltr'><strong>Α*5</strong></span> <span class='ocrx_word' id='word_1_257' title='bbox 1835 2359 1852 2405; x_wconf 84' lang='grc' dir='ltr'><strong>ΙΙ</strong></span> 
     </span>
     <span class='ocr_line' id='line_1_31' title="bbox 157 2413 1852 2474; baseline -0.002 -14"><span class='ocrx_word' id='word_1_258' title='bbox 157 2415 217 2460; x_wconf 89' lang='grc'><strong>10</strong></span> <span class='ocrx_word' id='word_1_259' title='bbox 245 2428 428 2473; x_wconf 83' lang='lat' dir='ltr'><strong>pauper</strong></span> <span class='ocrx_word' id='word_1_260' title='bbox 458 2416 547 2461; x_wconf 90' lang='lat' dir='ltr'><strong>etsi</strong></span> <span class='ocrx_word' id='word_1_261' title='bbox 577 2416 754 2473; x_wconf 85' lang='lat' dir='ltr'><strong>poterit</strong></span> <span class='ocrx_word' id='word_1_262' title='bbox 784 2428 906 2471; x_wconf 81' lang='lat' dir='ltr'><strong>esse,</strong></span> <span class='ocrx_word' id='word_1_263' title='bbox 931 2416 975 2461; x_wconf 89' lang='lat' dir='ltr'><strong>d.</strong></span> <span class='ocrx_word' id='word_1_264' title='bbox 1000 2430 1041 2459; x_wconf 86' lang='lat' dir='ltr'><strong>v.</strong></span> <span class='ocrx_word' id='word_1_265' title='bbox 1067 2415 1293 2461; x_wconf 74' lang='lat' dir='ltr'><strong>Schultess</strong></span> <span class='ocrx_word' id='word_1_266' title='bbox 1322 2414 1464 2474; x_wconf 81' lang='lat' dir='ltr'><strong>paup&#39;</strong></span> <span class='ocrx_word' id='word_1_267' title='bbox 1491 2413 1531 2458; x_wconf 88' lang='lat' dir='ltr'><strong>si</strong></span> <span class='ocrx_word' id='word_1_268' title='bbox 1552 2413 1728 2471; x_wconf 88' lang='lat' dir='ltr'><strong>poterit</strong></span> <span class='ocrx_word' id='word_1_269' title='bbox 1751 2424 1852 2458; x_wconf 86' lang='lat' dir='ltr'><strong>esse</strong></span> 
     </span>
     <span class='ocr_line' id='line_1_32' title="bbox 158 2471 1852 2533; baseline -0.002 -14"><span class='ocrx_word' id='word_1_270' title='bbox 158 2475 304 2520; x_wconf 86' lang='lat' dir='ltr'><strong>diues.</strong></span> <span class='ocrx_word' id='word_1_271' title='bbox 350 2475 480 2520; x_wconf 90' lang='lat' dir='ltr'><strong>uolet</strong></span> <span class='ocrx_word' id='word_1_272' title='bbox 506 2480 549 2521; x_wconf 90' lang='lat' dir='ltr'><em>A</em></span> <span class='ocrx_word' id='word_1_273' title='bbox 579 2489 761 2533; x_wconf 85' lang='lat' dir='ltr'><strong>pauper</strong></span> <span class='ocrx_word' id='word_1_274' title='bbox 791 2489 892 2521; x_wconf 87' lang='lat' dir='ltr'><strong>esse</strong></span> <span class='ocrx_word' id='word_1_275' title='bbox 921 2475 1119 2533; x_wconf 83' lang='lat' dir='ltr'><strong>poterit,</strong></span> <span class='ocrx_word' id='word_1_276' title='bbox 1151 2487 1251 2520; x_wconf 83' lang='lat' dir='ltr'><strong>esse</strong></span> <span class='ocrx_word' id='word_1_277' title='bbox 1282 2473 1326 2519; x_wconf 90' lang='lat' dir='ltr'><strong>d.</strong></span> <span class='ocrx_word' id='word_1_278' title='bbox 1351 2489 1393 2520; x_wconf 83' lang='lat' dir='ltr'><strong>v.</strong></span> <span class='ocrx_word' id='word_1_279' title='bbox 1428 2473 1562 2519; x_wconf 76' lang='lat' dir='ltr'><strong>Gertz</strong></span> <span class='ocrx_word' id='word_1_280' title='bbox 1604 2474 1609 2533; x_wconf 83' lang='grc' dir='ltr'>Ι</span> <span class='ocrx_word' id='word_1_281' title='bbox 1654 2471 1852 2517; x_wconf 88' lang='lat' dir='ltr'><strong>habebit</strong></span> 
     </span>
     <span class='ocr_line' id='line_1_33' title="bbox 158 2531 1845 2596; baseline 0 -17"><span class='ocrx_word' id='word_1_282' title='bbox 158 2535 358 2594; x_wconf 74' lang='lat' dir='ltr'><strong>Madviy</strong></span> <span class='ocrx_word' id='word_1_283' title='bbox 399 2535 438 2580; x_wconf 71' lang='lat' dir='ltr'><strong>Sc</strong></span> <span class='ocrx_word' id='word_1_284' title='bbox 466 2534 666 2581; x_wconf 85' lang='lat' dir='ltr'><strong>habebit</strong></span> <span class='ocrx_word' id='word_1_285' title='bbox 699 2540 742 2581; x_wconf 93' lang='lat' dir='ltr'><em>A</em></span> <span class='ocrx_word' id='word_1_286' title='bbox 782 2534 799 2596; x_wconf 74' lang='lat' dir='ltr'>U</span> <span class='ocrx_word' id='word_1_287' title='bbox 840 2535 899 2580; x_wconf 92' lang='grc'><strong>12</strong></span> <span class='ocrx_word' id='word_1_288' title='bbox 941 2534 1026 2580; x_wconf 85' lang='lat' dir='ltr'><strong>alii</strong></span> <span class='ocrx_word' id='word_1_289' title='bbox 1067 2547 1147 2580; x_wconf 85' lang='lat' dir='ltr'><strong>eas</strong></span> <span class='ocrx_word' id='word_1_290' title='bbox 1185 2534 1321 2580; x_wconf 76' lang='lat' dir='ltr'><strong>Gertz</strong></span> <span class='ocrx_word' id='word_1_291' title='bbox 1363 2533 1481 2578; x_wconf 80' lang='lat' dir='ltr'><strong>alias</strong></span> <span class='ocrx_word' id='word_1_292' title='bbox 1516 2532 1583 2579; x_wconf 85' lang='lat' dir='ltr'><strong>A¹</strong></span> <span class='ocrx_word' id='word_1_293' title='bbox 1622 2531 1707 2590; x_wconf 87' lang='lat' dir='ltr'><strong>alji</strong></span> <span class='ocrx_word' id='word_1_294' title='bbox 1740 2531 1807 2579; x_wconf 82' lang='lat' dir='ltr'><strong>A⁶</strong></span> <span class='ocrx_word' id='word_1_295' title='bbox 1839 2532 1845 2590; x_wconf 96' lang='grc' dir='ltr'>Ι</span> 
     </span>
     <span class='ocr_line' id='line_1_34' title="bbox 158 2592 1852 2652; baseline -0.002 -13"><span class='ocrx_word' id='word_1_296' title='bbox 158 2594 301 2651; x_wconf 81' lang='lat' dir='ltr'><strong>quid?</strong></span> <span class='ocrx_word' id='word_1_297' title='bbox 349 2595 574 2641; x_wconf 78' lang='lat' dir='ltr'><strong>donauit?</strong></span> <span class='ocrx_word' id='word_1_298' title='bbox 622 2595 835 2640; x_wconf 83' lang='lat' dir='ltr'><strong>erexistis</strong></span> <span class='ocrx_word' id='word_1_299' title='bbox 867 2599 1015 2641; x_wconf 84' lang='lat' dir='ltr'><strong>aures.</strong></span> <span class='ocrx_word' id='word_1_300' title='bbox 1068 2594 1183 2652; x_wconf 88' lang='lat' dir='ltr'><strong>quid</strong></span> <span class='ocrx_word' id='word_1_301' title='bbox 1214 2593 1446 2651; x_wconf 84' lang='lat' dir='ltr'><strong>expeditis</strong></span> <span class='ocrx_word' id='word_1_302' title='bbox 1477 2593 1660 2638; x_wconf 77' lang='lat' dir='ltr'><strong>sinum?</strong></span> <span class='ocrx_word' id='word_1_303' title='bbox 1707 2592 1852 2637; x_wconf 86' lang='lat' dir='ltr'><strong>dona-</strong></span> 
     </span>
     <span class='ocr_line' id='line_1_35' title="bbox 156 2653 1853 2713; baseline -0.001 -14"><span class='ocrx_word' id='word_1_304' title='bbox 156 2654 230 2699; x_wconf 89' lang='lat' dir='ltr'><strong>uit</strong></span> <span class='ocrx_word' id='word_1_305' title='bbox 260 2654 326 2700; x_wconf 82' lang='grc' dir='ltr'><strong>Α1</strong></span> <span class='ocrx_word' id='word_1_306' title='bbox 357 2656 580 2713; x_wconf 75' lang='lat' dir='ltr'><strong>(primwm</strong></span> <span class='ocrx_word' id='word_1_307' title='bbox 609 2654 806 2701; x_wconf 84' lang='lat' dir='ltr'><strong>donauit</strong></span> <span class='ocrx_word' id='word_1_308' title='bbox 835 2669 959 2701; x_wconf 74' lang='lat' dir='ltr'><strong>man.</strong></span> <span class='ocrx_word' id='word_1_309' title='bbox 989 2668 1077 2701; x_wconf 84' lang='lat' dir='ltr'><strong>rec.</strong></span> <span class='ocrx_word' id='word_1_310' title='bbox 1108 2656 1162 2699; x_wconf 77' lang='lat' dir='ltr'><strong>in</strong></span> <span class='ocrx_word' id='word_1_311' title='bbox 1199 2653 1397 2698; x_wconf 88' lang='lat' dir='ltr'><strong>donabit</strong></span> <span class='ocrx_word' id='word_1_312' title='bbox 1426 2667 1557 2708; x_wconf 69' lang='lat' dir='ltr'><strong>corr„</strong></span> <span class='ocrx_word' id='word_1_313' title='bbox 1588 2654 1782 2698; x_wconf 77' lang='lat' dir='ltr'><strong>altemm</strong></span> <span class='ocrx_word' id='word_1_314' title='bbox 1810 2656 1853 2697; x_wconf 82' lang='lat' dir='ltr'><strong>et</strong></span> 
     </span>
     <span class='ocr_line' id='line_1_36' title="bbox 158 2712 1850 2775; baseline -0.002 -16"><span class='ocrx_word' id='word_1_315' title='bbox 158 2715 343 2760; x_wconf 79' lang='lat' dir='ltr'><strong>tertium</strong></span> <span class='ocrx_word' id='word_1_316' title='bbox 365 2714 432 2760; x_wconf 83' lang='lat' dir='ltr'><strong>A⁶</strong></span> <span class='ocrx_word' id='word_1_317' title='bbox 460 2716 513 2760; x_wconf 77' lang='lat' dir='ltr'><strong>in</strong></span> <span class='ocrx_word' id='word_1_318' title='bbox 538 2717 701 2774; x_wconf 75' lang='lat' dir='ltr'><strong>marq.)</strong></span> <span class='ocrx_word' id='word_1_319' title='bbox 732 2729 845 2761; x_wconf 76' lang='lat' dir='ltr'><strong>corr.</strong></span> <span class='ocrx_word' id='word_1_320' title='bbox 872 2716 1034 2761; x_wconf 83' lang='lat' dir='ltr'><strong>eret</strong></span> <span class='ocrx_word' id='word_1_321' title='bbox 1054 2714 1071 2775; x_wconf 85' lang='grc' dir='ltr'><strong>ΙΙ</strong></span> <span class='ocrx_word' id='word_1_322' title='bbox 1092 2714 1151 2759; x_wconf 81' lang='grc'><strong>19</strong></span> <span class='ocrx_word' id='word_1_323' title='bbox 1175 2713 1356 2759; x_wconf 85' lang='lat' dir='ltr'><strong>exeant&#39;</strong></span> <span class='ocrx_word' id='word_1_324' title='bbox 1382 2712 1421 2758; x_wconf 67' lang='lat' dir='ltr'><strong>sn</strong></span> <span class='ocrx_word' id='word_1_325' title='bbox 1443 2712 1590 2758; x_wconf 88' lang='lat' dir='ltr'><strong>nichil</strong></span> <span class='ocrx_word' id='word_1_326' title='bbox 1612 2716 1656 2758; x_wconf 90' lang='lat' dir='ltr'><em>A</em></span> <span class='ocrx_word' id='word_1_327' title='bbox 1687 2713 1736 2757; x_wconf 90' lang='lat' dir='ltr'><strong>et</strong></span> <span class='ocrx_word' id='word_1_328' title='bbox 1765 2725 1850 2757; x_wconf 89' lang='lat' dir='ltr'><strong>om.</strong></span> 
     </span>
     <span class='ocr_line' id='line_1_37' title="bbox 156 2769 1852 2836; baseline -0.002 -17"><span class='ocrx_word' id='word_1_329' title='bbox 156 2775 271 2832; x_wconf 75' lang='lat' dir='ltr'><strong>voly.</strong></span> <span class='ocrx_word' id='word_1_330' title='bbox 307 2774 312 2834; x_wconf 82' lang='grc'><strong>1</strong></span> <span class='ocrx_word' id='word_1_331' title='bbox 348 2775 568 2820; x_wconf 82' lang='lat' dir='ltr'><strong>excidant</strong></span> <span class='ocrx_word' id='word_1_332' title='bbox 590 2775 657 2821; x_wconf 88' lang='lat' dir='ltr'><strong>A¹</strong></span> <span class='ocrx_word' id='word_1_333' title='bbox 694 2789 807 2822; x_wconf 84' lang='lat' dir='ltr'><strong>corr.</strong></span> <span class='ocrx_word' id='word_1_334' title='bbox 833 2774 900 2821; x_wconf 80' lang='lat' dir='ltr'><strong>A⁶</strong></span> <span class='ocrx_word' id='word_1_335' title='bbox 928 2775 945 2836; x_wconf 83' lang='grc' dir='ltr'><strong>ΙΙ</strong></span> <span class='ocrx_word' id='word_1_336' title='bbox 975 2774 1034 2820; x_wconf 93' lang='grc'><strong><em>22</em></strong></span> <span class='ocrx_word' id='word_1_337' title='bbox 1064 2773 1234 2819; x_wconf 86' lang='lat' dir='ltr'><strong>tribuit</strong></span> <span class='ocrx_word' id='word_1_338' title='bbox 1255 2778 1298 2820; x_wconf 90' lang='lat' dir='ltr'><em>A</em></span> <span class='ocrx_word' id='word_1_339' title='bbox 1329 2787 1444 2820; x_wconf 85' lang='lat' dir='ltr'><strong>corr.</strong></span> <span class='ocrx_word' id='word_1_340' title='bbox 1468 2774 1581 2831; x_wconf 74' lang='lat' dir='ltr'><strong>voly.</strong></span> <span class='ocrx_word' id='word_1_341' title='bbox 1613 2772 1630 2832; x_wconf 90' lang='grc' dir='ltr'><strong>ΙΙ</strong></span> <span class='ocrx_word' id='word_1_342' title='bbox 1659 2769 1717 2816; x_wconf 85' lang='grc'><strong><em>27</em></strong></span> <span class='ocrx_word' id='word_1_343' title='bbox 1750 2771 1852 2828; x_wconf 88' lang='lat' dir='ltr'><strong>qui-</strong></span> 
     </span>
     <span class='ocr_line' id='line_1_38' title="bbox 157 2830 1850 2894; baseline -0.002 -17"><span class='ocrx_word' id='word_1_344' title='bbox 157 2832 357 2878; x_wconf 87' lang='lat' dir='ltr'><strong>busdam</strong></span> <span class='ocrx_word' id='word_1_345' title='bbox 397 2835 542 2880; x_wconf 86' lang='lat' dir='ltr'><strong>etiam</strong></span> <span class='ocrx_word' id='word_1_346' title='bbox 578 2837 692 2894; x_wconf 74' lang='lat' dir='ltr'><strong>voly.</strong></span> <span class='ocrx_word' id='word_1_347' title='bbox 732 2834 903 2892; x_wconf 89' lang='lat' dir='ltr'><strong>quibus</strong></span> <span class='ocrx_word' id='word_1_348' title='bbox 934 2835 974 2880; x_wconf 63' lang='lat'><strong>&amp;1</strong></span> <span class='ocrx_word' id='word_1_349' title='bbox 1003 2835 1100 2879; x_wconf 88' lang='lat' dir='ltr'><strong>iam</strong></span> <span class='ocrx_word' id='word_1_350' title='bbox 1126 2833 1193 2879; x_wconf 86' lang='lat' dir='ltr'><strong>A¹</strong></span> <span class='ocrx_word' id='word_1_351' title='bbox 1221 2834 1343 2891; x_wconf 71' lang='lat' dir='ltr'><strong>quod</strong></span> <span class='ocrx_word' id='word_1_352' title='bbox 1372 2834 1565 2879; x_wconf 81' lang='lat' dir='ltr'><strong>mutavit</strong></span> <span class='ocrx_word' id='word_1_353' title='bbox 1594 2833 1646 2878; x_wconf 78' lang='lat' dir='ltr'><strong>in</strong></span> <span class='ocrx_word' id='word_1_354' title='bbox 1681 2830 1850 2888; x_wconf 83' lang='lat' dir='ltr'><strong>quibus</strong></span> 
     </span>
     <span class='ocr_line' id='line_1_39' title="bbox 160 2893 1236 2950; baseline 0.002 -13"><span class='ocrx_word' id='word_1_355' title='bbox 160 2893 303 2938; x_wconf 90' lang='lat' dir='ltr'><strong>etiam</strong></span> <span class='ocrx_word' id='word_1_356' title='bbox 327 2894 393 2940; x_wconf 85' lang='lat' dir='ltr'><strong>A²</strong></span> <span class='ocrx_word' id='word_1_357' title='bbox 424 2893 707 2950; x_wconf 87' lang='lat' dir='ltr'><strong>quibusdam</strong></span> <span class='ocrx_word' id='word_1_358' title='bbox 738 2894 986 2940; x_wconf 88' lang='lat' dir='ltr'><strong>inculcabo</strong></span> <span class='ocrx_word' id='word_1_359' title='bbox 1010 2894 1236 2941; x_wconf 78' lang='lat' dir='ltr'><strong>Schultess</strong></span> 
     </span>
    </p>
   </div>
  </div>
 </body>
</html>
