2034 3086
317 38 402 85 AD
433 37 719 84 MARCIAM
742 37 832 83 ‘Da
864 36 1329 84 CONSOLATIONE
1361 36 1490 84 GAP.
1517 43 1557 83 3.
1583 43 1611 84 4
1709 42 1813 97 157

262 160 356 216 IV.
416 160 533 215 Nec
581 163 635 214 te
683 159 751 213 ad
801 160 1027 214 fortiora
1065 161 1256 215 ducam
1294 164 1599 231 praecepta,
1638 163 1700 214 ut
1739 161 1815 214 in-
1849 175 1872 216 1

113 238 349 291 humano
398 235 536 290 ferre
585 235 820 288 humana
868 235 1079 290 iubeam
1124 235 1308 305 modo,
1346 238 1408 289 ut
1445 235 1564 305 ipso
1603 234 1815 289 funebri

114 311 199 365 die
238 311 424 365 oculos
458 310 645 364 matris
676 310 923 364 exiccem.
985 309 1054 363 ad
1084 310 1344 364 arbitrum
1374 313 1552 364 tecum
1582 310 1815 364 veniam:

111 386 217 440 hoc
271 386 411 440 inter
461 403 561 438 nos
616 388 922 454 quaeretur,
977 388 1159 438 utrum
1212 403 1439 456 magnus
1494 385 1649 438 dolor
1702 403 1815 439 esse

60 478 81 511 s
112 460 303 514 debeat
338 479 409 514 an
445 462 748 529 perpetuus.
809 478 920 513 non
951 459 1138 513 dubito
1170 460 1303 529 quin
1331 458 1500 513 Iuliae
1523 458 1816 531 Augustae,

113 554 275 605 quam
305 534 641 588 familiariter
670 534 907 603 coluisti,
938 534 1111 605 magis
1133 534 1235 588 tibi
1257 535 1467 604 placeat
1490 534 1815 604 exemplum:

112 610 208 663 illa
244 614 298 664 te
336 609 403 662 ad
434 627 591 662 sumn
622 609 907 663 consilium
938 612 1109 663 vocat.
1171 609 1266 662 illa
1296 609 1354 662 in
1384 610 1561 679 primo
1593 609 1814 675 fervore,
1845 621 1871 662 2

112 702 235 739 cum
272 684 502 738 maxime
540 684 861 753 inpatientes
898 683 1208 754 ferocesque
1247 687 1373 737 sunt
1403 684 1608 754 miseri,
1644 702 1816 738 acces-

112 778 232 813 sum
279 757 423 812 Areo
430 800 446 828 ,
500 758 827 828 philosopho
877 758 982 812 viri
1032 760 1137 829 sui,
1185 759 1435 829 praebuit
1482 761 1537 813 et
1584 759 1814 813 multum

37 852 80 885 ιο
110 852 228 888 eam
258 852 372 887 rem
401 833 668 903 profuisse
700 833 804 887 sibi
827 834 1071 888 confessa
1093 833 1280 904 (est),
1305 834 1428 904 plus
1453 852 1615 904 quam
1645 852 1815 904 popu-

108 909 223 962 lum
283 906 610 977 Romanum,
671 927 830 979 quem
889 909 1109 963 nolebat
1166 908 1376 963 tristem
1436 909 1659 963 tristitia
1720 927 1816 963 sua

108 983 305 1053 facere,
342 983 466 1054 plus
505 1001 668 1053 quam
705 982 1036 1055 Augustum,
1083 984 1177 1054 qui
1215 983 1478 1038 subducto
1517 984 1686 1037 altero
1726 983 1815 1037 ad-

108 1059 366 1112 miniculo
411 1058 680 1112 titubabat
722 1077 822 1112 nec
862 1059 1015 1113 luctu
1054 1076 1272 1112 suorum
1310 1058 1648 1113 inclinandus
1687 1061 1816 1128 erat,

108 1134 232 1203 plus
270 1152 433 1203 quam
471 1132 744 1187 Tiberium
782 1133 978 1204 filium,
1025 1134 1176 1188 cuius
1215 1134 1387 1204 pietas
1426 1134 1716 1204 efficiebat,
1753 1137 1815 1187 ut

36 1226 78 1259 ιε
108 1209 166 1262 in
204 1208 300 1262 illo
340 1208 530 1262 acerbo
570 1211 625 1262 et
662 1207 855 1262 defleto
896 1210 1145 1280 gentibus
1183 1205 1368 1263 funere
1406 1210 1546 1262 nihil
1576 1209 1679 1263 sibi
1708 1209 1815 1262 nisi

107 1301 390 1337 numerum
441 1282 621 1336 deesse
671 1284 904 1337 sentiret.
982 1284 1092 1353 hic,
1142 1286 1204 1337 ut
1248 1284 1464 1354 opinor,
1510 1284 1686 1337 aditus
1733 1284 1814 1336 illi
1845 1295 1871 1336 3

107 1357 234 1427 fuit,
293 1358 399 1412 hoc
458 1358 784 1428 principium
846 1362 979 1429 aput
1038 1358 1293 1412 feminam
1355 1358 1625 1428 opinionis
1688 1377 1814 1412 suae

108 1431 386 1486 custodem
425 1431 913 1504 diligentissimam:
970 1433 1164 1504 ‘usque
1194 1434 1252 1487 in
1281 1434 1427 1487 hunc
1458 1433 1622 1502 diem,
1660 1431 1815 1503 Iulia,

108 1510 369 1577 quantum
419 1507 635 1578 quidem
684 1525 785 1580 ego
833 1509 1020 1578 sciam,
1066 1508 1319 1562 adsiduus
1357 1509 1461 1562 viri
1498 1509 1580 1563 tui
1619 1525 1812 1577 comes,

32 1599 79 1633 ιο
108 1582 195 1636 cui
247 1599 359 1636 non
410 1586 622 1636 tantum
677 1602 813 1653 quae
867 1584 924 1637 in
974 1584 1251 1655 publicum
1300 1584 1620 1638 emittuntur
1668 1586 1813 1652 nota,

108 1656 202 1710 sed
232 1675 415 1711 omnes
447 1661 575 1711 sunt
604 1659 915 1713 secretiores
953 1659 1255 1713 animorum
1286 1662 1587 1713 vestrorum
1618 1661 1812 1727 motus,

108 1731 300 1787 dedisti
355 1750 596 1803 operam,
648 1751 716 1787 ne
766 1733 897 1804 quid
946 1737 1085 1787 esset
1134 1734 1279 1804 quod
1325 1735 1383 1788 in
1426 1737 1481 1788 te
1527 1734 1813 1804 quisquam

106 1806 469 1877 reprenderet3
505 1825 605 1862 nec
642 1807 697 1861 id
735 1809 793 1861 in
831 1809 1123 1862 maioribus
1162 1808 1323 1863 modo
1364 1808 1680 1878 observasti,
1721 1807 1812 1862 sed
1842 1820 1870 1860 4

108 1882 164 1934 in
216 1881 478 1951 minimis,
529 1900 597 1936 ne
646 1882 776 1953 quid
826 1883 1050 1953 faceres,
1098 1883 1186 1938 cui
1223 1883 1445 1954 famam,
1482 1883 1812 1937 liberrimam

32 1971 77 2006 ιι
107 1956 413 2026 principum
466 1956 720 2027 iudicem,
771 1958 935 2012 velles
989 1958 1278 2030 ignoscere.
1369 1976 1469 2013 nec
1524 1959 1812 2029 quicquam

108 2030 384 2100 pulchrius
426 2031 675 2086 existimo
715 2051 876 2103 quam
915 2033 973 2087 in
1011 2051 1220 2088 summo
1259 2034 1478 2106 fastigio
1519 2034 1811 2088 collocatos

108 2105 396 2160 multarum
427 2124 605 2161 rerum
633 2108 845 2163 veniam
875 2107 1024 2178 dare,
1054 2109 1254 2163 nullius
1286 2111 1488 2179 petere:
1521 2109 1810 2163 servandus

108 2180 289 2251 itaque
341 2180 441 2235 tibi
490 2181 548 2235 in
596 2181 699 2237 hac
749 2201 964 2253 quoque
1002 2202 1059 2237 re
1097 2186 1222 2238 tuus
1262 2201 1379 2238 mos
1418 2186 1521 2253 est,
1566 2202 1633 2238 ne
1681 2184 1810 2255 quid

106 2255 436 2326 committas,
474 2255 620 2327 quod
658 2257 836 2311 minus
876 2258 1096 2312 aliterve
1133 2258 1338 2313 factum
1376 2259 1526 2313 velis.

256 2341 284 2411 J
308 2342 564 2412 inhumano
588 2344 749 2390 Mur-et
777 2344 1054 2414 humano-A
1084 2345 1102 2415 ΙΙ
1129 2344 1160 2391 2
1182 2345 1286 2403 ipso
1310 2346 1362 2391 F
1385 2350 1440 2392 ut
1460 2347 1575 2404 voly.
1600 2345 1703 2403 ipse
1726 2347 1772 2391 A
1794 2346 1812 2406 ΙΙ

105 2400 137 2446 8
168 2400 415 2448 arbitrium
440 2404 487 2448 A
517 2416 632 2450 cor-r.
663 2404 777 2463 voly.
821 2404 839 2464 ΙΙ
878 2403 909 2450 8
946 2418 1126 2460 muci-1,
1159 2418 1399 2452 accessum
1430 2405 1551 2451 Areo
1583 2405 1811 2452 Schultess

108 2461 324 2507 miseriae
356 2461 629 2509 consular-eo
653 2464 698 2509 A
736 2462 975 2521 miseriae,
1007 2478 1057 2510 se
1089 2464 1423 2511 consolandam
1456 2464 1808 2523 (consolandam

107 2534 156 2567 se
188 2521 404 2592 Δζᾳᾱυίρ)
436 2523 558 2568 Areo
590 2523 848 2570 Pincianus
875 2524 892 2584 ΙΙ
924 2524 955 2570 9
985 2523 1353 2631 philosophiqA
1383 2525 1416 2595 ss·
1433 2525 1489 2571 10
1520 2526 1592 2595 est
1623 2525 1729 2571 add.
1763 2525 1815 2571 F

106 2586 148 2626 et
178 2581 266 2626 alu
295 2591 325 2627 ς’
354 2583 404 2627 et
435 2584 623 2639 <e⁸t>
655 2582 854 2629 multum
878 2583 1103 2631 Schultess
1135 2585 1142 2644 Ι
1197 2583 1227 2631 4
1248 2586 1444 2644 pietatis
1468 2585 1514 2631 A
1538 2586 1595 2640 (ti
1619 2590 1810 2642 punctus

106 2639 213 2697 del.)
252 2640 370 2711 11}ss
408 2640 493 2687 dili
529 2642 820 2712 entissimtffm
853 2643 903 2689 F
937 2637 1117 2723 diligen
1142 2644 1154 2655 “
1181 2644 1351 2690 simum
1375 2645 1421 2692 A
1463 2644 1482 2706 ΙΙ
1521 2644 1580 2691 19
1618 2644 1706 2690 viri
1737 2644 1809 2714 tui

108 2700 456 2807 ζ’ὲωωωωξΐι
487 2701 1024 2822 ,ὲὶὲήὲἳἨῗΓέοῙ
1045 2709 1117 2810 ἐξ*
1126 2704 1262 2823 Σοῖἕὲ
1293 2704 1634 2812 ωιὲῗὲἓέλέ
1661 2703 1739 2811 350
1753 2704 1808 2822 3²?

110 2818 359 2866 collocatos
390 2775 645 2867 mtfltamm
677 2832 707 2867 ς
741 2821 996 2869 collocatas
1014 2778 1355 2871 ιἓιιιιΙῒιη-ιιιιζθῖί
1393 2825 1411 2885 ΙΙ
1450 2823 1509 2872 27
1549 2798 1806 2870 seruandus

110 2892 211 2924 cor·
249 2894 305 2925 ez
335 2880 429 2926 -dis
456 2883 583 2927 A¹·¹
612 2883 630 2939 Η
658 2881 718 2928 28
749 2882 863 2940 quid
896 2884 947 2929 F
971 2888 1022 2930 ut
1051 2884 1164 2943 volq.
1198 2884 1303 2942 quis
1327 2885 1372 2930 A
