2028 3106
172 110 280 164 252
498 106 548 150 L.
573 104 809 149 ANNAEI
841 103 1114 149 SENECAE
1149 103 1303 147 DIAL.
1327 103 1438 149 LIB.
1463 103 1539 149 IX.

113 243 140 282 4
171 229 380 299 privato
420 227 700 298 publicum
729 227 1008 298 negotium
1047 226 1173 297 agit.
1235 244 1305 277 an
1341 225 1432 277 ille
1463 226 1586 294 plus
1618 229 1868 295 praestat,

172 303 265 373 qui
324 303 481 355 inter*
516 301 828 372 peregrinos
890 304 944 354 et
1005 301 1146 354 cives
1208 302 1300 352 aut
1359 300 1593 353 urbanus
1655 304 1868 370 praetor

171 377 488 431 adeuntibus
528 376 817 429 adsessoris
849 375 1012 428 verba
1042 374 1377 444 pronuntiat,
1419 392 1579 443 quam
1612 375 1706 442 qui
1737 375 1865 444 quid

172 451 241 506 sit
274 451 504 519 iustitia,
542 450 672 520 quid
710 451 903 520 pietas,
943 449 1073 518 quid
1113 448 1390 518 patientia,
1431 448 1559 517 quid
1589 447 1868 516 fortitudO,

171 526 301 596 quid
330 526 520 579 mortis
553 527 916 594 contemptus,
949 523 1079 593 quid
1103 524 1325 576 deorum
1348 522 1672 591 intellectuS,
1706 540 1866 591 quam

112 613 138 654 5
169 603 348 654 tutum
381 600 782 671 gratuitumque
813 598 1017 651 bonum
1050 598 1120 651 sit
1150 598 1292 650 bona
1316 596 1677 650 conscientia?
1738 615 1865 668 ergo

171 676 217 729 si
253 679 466 745 tempus
506 675 564 727 in
602 674 780 727 studia
818 672 1083 742 conferas,
1124 672 1268 741 quod
1300 671 1614 726 subduxeris
1659 671 1867 740 officiis,

168 768 280 803 non
333 749 626 804 deserueris
679 765 778 801 nec
824 765 1018 800 munus
1066 746 1462 814 detrectaveriS,
1514 765 1687 816 neque
1726 746 1867 799 enim

170 825 262 878 ille
316 826 462 879 solus
516 823 737 890 militat,
793 822 882 891 qui
933 822 991 874 in
1029 822 1140 875 acie
1181 823 1287 874 stat
1325 824 1378 874 et
1416 838 1584 874 cornu
1623 821 1868 874 dextrum

168 901 485 968 laevomque
516 897 773 965 defendit,
806 896 898 950 sed
928 901 975 950 et
1006 897 1099 966 qui
1129 899 1313 966 portas
1344 898 1525 948 tuetur
1555 898 1609 948 et
1640 897 1868 949 statione

170 975 348 1028 minus
394 972 720 1043 periculosa,
764 989 875 1024 non
922 972 1096 1025 otiosa
1134 974 1316 1024 tamen
1352 970 1598 1041 fungitur
1635 970 1868 1040 vigilias-

172 1067 274 1119 que
329 1050 504 1102 servat
557 1050 610 1099 et
648 1046 1059 1099 armamentario
1099 1048 1331 1115 praeest:
1386 1062 1520 1114 quae
1559 1043 1870 1113 ministeria,

171 1123 414 1192 quamvis
480 1122 759 1175 incruenta
821 1120 951 1189 sint,
1020 1121 1078 1173 in
1137 1138 1420 1172 numerum
1483 1118 1868 1187 stipendiorum

170 1197 406 1250 veniunt.
469 1196 516 1249 si
552 1198 606 1249 te
645 1195 711 1248 ad
751 1195 928 1247 studia
965 1193 1322 1262 revocaveris,
1364 1211 1519 1247 omne
1551 1194 1693 1246 vitae
1723 1193 1869 1246 fasti-

171 1271 318 1325 dium
369 1270 618 1341 effugeris
670 1287 770 1322 nec
822 1272 1039 1323 noctem
1089 1269 1206 1322 fieri
1253 1268 1463 1338 optabis
1502 1268 1678 1321 taedio
1717 1268 1888 1335 lucis,-

169 1364 270 1400 nec
314 1345 417 1399 tibi
462 1345 640 1417 gravis
687 1344 790 1397 eris
829 1362 929 1398 nec
975 1343 1093 1397 aliis
1142 1361 1523 1413 supervacuus3
1568 1343 1767 1395 multos
1814 1342 1869 1394 in

171 1421 463 1475 amicitiam
503 1419 748 1473 adtrahes
788 1418 1093 1488 adfluetque
1133 1417 1200 1471 ad
1242 1420 1295 1470 te
1336 1420 1588 1487 optumus
1631 1418 1868 1486 quisque.

170 1514 466 1566 numquam
528 1494 669 1548 enim
732 1494 976 1562 quamvis
1039 1494 1265 1547 obscura
1325 1493 1494 1545 virtus
1555 1491 1708 1560 latet,
1779 1491 1869 1545 sed

170 1571 340 1624 mittit
411 1570 494 1624 sui
564 1570 739 1640 signa:
809 1567 1051 1637 quisquis
1121 1567 1315 1638 dignus
1380 1566 1564 1635 fuerit,
1629 1566 1869 1637 vestigiis

171 1645 339 1699 illam>
372 1645 606 1715 colliget.
660 1661 786 1696 nam
845 1644 891 1695 si
953 1661 1166 1696 omnem
1218 1640 1675 1695 conversationem
1728 1641 1870 1694 tolli-

171 1738 291 1774 mus
346 1723 399 1773 et
460 1719 641 1791 generi
700 1717 935 1770 humano
992 1716 1359 1770 renuntiamus
1417 1715 1753 1784 vivimusque
1815 1716 1870 1767 in

170 1813 269 1848 nos
307 1797 520 1848 tantum
560 1792 824 1861 conversi,
871 1794 1124 1861 sequetur
1160 1792 1300 1843 hanc
1339 1789 1683 1843 solitudinem
1724 1789 1869 1842 omni

172 1868 350 1922 studio
401 1871 667 1922 carentem
718 1867 901 1937 inopia
938 1884 1116 1919 rerum
1156 1864 1504 1934 agendarum:
1553 1864 1868 1932 incipiemus

172 1943 415 1997 aedificia
460 1944 565 1996 alia
610 1961 830 2012 ponere,
877 1941 982 1994 alia
1021 1940 1325 1994 subvertere
1365 1942 1417 1992 et
1455 1957 1599 1991 mare
1640 1956 1870 1991 summo-

171 2037 293 2072 vere
347 2021 401 2071 et
462 2035 627 2086 aquas
686 2019 873 2071 contra
926 2014 1300 2069 difficultatem
1352 2015 1595 2067 locorum
1649 2012 1870 2067 educere

173 2096 227 2146 et
279 2093 418 2146 male
468 2092 774 2161 dispensare
823 2094 1058 2160 tempus,
1121 2089 1265 2158 quod
1310 2088 1465 2141 nobis
1511 2090 1704 2141 natura
1749 2106 1871 2142 con-

174 2167 491 2222 sumendum
531 2166 698 2219 dedit:
746 2166 838 2218 alii
883 2183 1040 2234 parce
1080 2164 1175 2217 illo
1214 2164 1439 2231 utimur,
1494 2163 1587 2215 alii
1625 2163 1870 2233 prodige3

173 2241 265 2294 alii
323 2243 401 2296 sic
460 2240 824 2310 inpendimus,
885 2243 947 2292 ut
999 2239 1268 2308 possimus
1322 2238 1584 2290 rationem
1638 2237 1871 2302 reddere,

173 2315 287 2383 alii,
356 2318 418 2368 ut
484 2315 661 2369 nullas
729 2313 1021 2367 habeamus
1090 2312 1365 2383 reliquias,
1436 2329 1542 2380 qua
1608 2329 1665 2364 re
1732 2310 1870 2364 nihil

321 2445 351 2490 2
373 2445 578 2491 urbanos
600 2448 760 2503 pretor
782 2447 827 2491 A
857 2444 873 2504 Η
902 2444 933 2490 3
956 2458 1098 2502 quam
1122 2444 1204 2501 qui
1227 2442 1342 2499 quid
1365 2453 1394 2487 ς
1423 2456 1533 2487 nam
1558 2442 1639 2499 qui
1663 2441 1778 2498 quid
1801 2441 1871 2486 A²

174 2520 287 2553 corr.
312 2507 364 2550 in
394 2519 506 2551 nam
537 2506 764 2563 quicquid
794 2520 851 2550 m.
876 2507 1096 2550 recentior
1127 2517 1268 2561 quam
1292 2503 1374 2559 qui
1398 2503 1556 2557 docet,
1585 2501 1700 2558 quid
1724 2502 1869 2547 Eras-

172 2580 274 2612 mus
302 2565 318 2626 ΙΙ
356 2565 385 2610 5
417 2579 559 2623 quam
597 2567 753 2610 tutum
775 2565 1145 2623 ‘gratuitumque
1176 2562 1349 2607 bonum
1380 2564 1481 2608 Joh.
1508 2562 1685 2607 Μτῑῖῖεν
1723 2557 1869 2617 quan-

172 2628 276 2670 tum
306 2626 616 2684 gratuitorum
651 2625 894 2670 hominum
917 2625 963 2669 A
999 2637 1140 2681 quam
1171 2622 1431 2680 gratuitum
1463 2621 1637 2666 bonum
1669 2620 1870 2678 Sca-liyer

175 2687 404 2743 quantum
435 2683 642 2743 gratuito
674 2683 848 2730 bonum
882 2685 1079 2741 Madviy
1116 2683 1344 2739 quantum
1383 2681 1695 2739 gratuitorum
1726 2679 1869 2724 bono-

174 2760 278 2790 rum
302 2745 365 2790 sit
386 2744 439 2789 in
460 2743 585 2788 bona
601 2743 735 2788 Koch
757 2745 988 2801 quantum
1011 2741 1218 2800 gratuito
1234 2742 1480 2786 venturum
1504 2739 1677 2786 bonum
1698 2739 1833 2784 Gertz
1854 2738 1871 2798 ΙΙ

174 2805 204 2849 9
235 2809 379 2850 cornu
401 2805 448 2850 A
478 2816 591 2849 corr.
615 2803 728 2860 voly.
764 2803 780 2863 ΙΙ
817 2803 877 2848 10
906 2802 1067 2863 leuoq3
1092 2802 1139 2846 A
1173 2802 1177 2859 Ι
1214 2802 1263 2845 et
1292 2802 1397 2846 add.
1422 2801 1535 2859 volq.
1568 2800 1585 2860 ΙΙ
1621 2799 1680 2844 16
1711 2799 1802 2844 erit
1823 2803 1870 2843 A

175 2878 288 2911 corr.
313 2866 427 2923 voly.
458 2863 475 2923 Η
511 2862 571 2907 22
602 2862 797 2922 confisis]
823 2865 952 2920 (eras.
980 2864 1018 2920 s)
1043 2862 1089 2906 A
1125 2860 1129 2919 Ι
1172 2860 1300 2920 omiss
1328 2863 1458 2919 (eras.
1484 2863 1523 2918 s)
1547 2861 1593 2906 A
1623 2860 1640 2920 ΙΙ
1675 2858 1735 2904 23
1765 2863 1870 2904 ante

175 2924 454 2981 incipiemus
481 2923 617 2968 Gertz
646 2922 748 2965 tum
780 2923 887 2966 add.
912 2923 993 2967 vix
1022 2922 1275 2965 necessario

1902 915 1943 948 10

1899 1285 1943 1318 15

1903 1658 1945 1690 20

1902 2030 1944 2065 25
