2028 3106
100 66 104 75 λ
199 106 282 150 AD
308 104 601 150 SERENVM
623 104 706 149 DE
730 103 1266 158 TRANQVILLITATE
1283 103 1464 148 ANIMI
1488 104 1615 150 CAP.
1638 112 1691 151 11
1762 107 1870 162 267

167 245 291 296 pars
322 226 604 280 hominum
642 230 745 295 est,
786 244 921 295 quae
959 226 1277 297 navigatura
1314 226 1379 280 de
1414 230 1733 296 tempestate
1762 246 1873 281 non

167 301 384 370 cogitat.
446 319 741 370 numquam
779 319 866 354 me
903 300 962 353 in
997 317 1112 355 voce
1148 301 1293 354 bona
1329 302 1458 354 mali
1496 301 1723 370 pudebit
1752 319 1873 355 auc·

165 375 313 427 toris.
391 373 679 444 Publilius,
729 375 950 445 tragicis
1001 375 1329 444 comicisque
1378 375 1747 429 vehementior
1795 375 1872 428 in-

164 448 360 519 geniis,
398 450 646 519 quotiens
684 449 928 502 mimicas
966 449 1195 519 ineptias
1234 451 1289 502 et
1318 449 1479 502 verba
1510 450 1575 502 ad
1609 467 1872 503 summam

112 539 133 571 5
165 539 381 576 caveam
432 522 730 593 spectantia
778 523 1022 593 reliquit,
1070 523 1211 577 inter
1259 523 1432 581 multa
1478 525 1584 577 alia
1629 527 1873 592 coturn0,

164 614 274 649 non
311 600 524 650 tantum
564 597 785 666 sipari0,
824 597 1051 651 fortiora
1090 600 1143 650 et
1180 597 1285 651 hoc
1325 599 1421 650 ait:

418 684 565 727 cuivis
595 684 755 739 potest
786 684 1000 729 accidere
1033 683 1159 739 quod
1192 684 1414 740 cuiquam
1445 686 1614 740 potest.

164 758 270 813 hoc
322 759 368 812 si
419 760 539 827 quis
597 760 656 812 in
714 760 973 818 medullas
1024 760 1299 813 demiserit
1354 763 1410 814 et
1463 762 1646 814 omnia
1699 761 1872 815 aliena

163 834 327 903 mala,
379 851 609 902 quorum
656 834 844 906 ingens
891 834 1088 888 cotidie
1128 836 1284 904 copia
1321 838 1426 905 est,
1472 836 1550 890 sic
1588 837 1871 906 aspexerit,

87 924 131 956 10
162 912 438 977 tamquam
476 908 707 961 liberum
746 908 854 962 illis
894 912 949 962 et
987 909 1054 962 ad
1094 927 1149 963 se
1189 911 1291 963 iter
1322 910 1414 979 sit,
1454 910 1626 964 multo
1659 913 1783 965 ante
1815 929 1870 964 se

160 982 390 1036 armabit
442 999 605 1051 quam
658 987 895 1053 petatur3
948 1002 1065 1037 sero
1121 985 1330 1038 animus
1381 984 1449 1037 ad
1506 986 1870 1054 periculorum

160 1056 476 1126 patientiam
523 1061 650 1127 post
694 1058 933 1127 pericula
978 1059 1276 1112 instruitur.
1356 1059 1494 1112 ‘non
1539 1061 1727 1129 putavi
1764 1059 1870 1114 hoc

159 1130 430 1183 futurum’
476 1134 531 1184 et
570 1132 852 1201 ‘umquam
892 1136 954 1185 tu
990 1132 1097 1187 hoc
1135 1137 1452 1187 eventurum
1492 1134 1870 1188 credidisses?'

159 1223 324 1274 quare
355 1208 534 1258 autem
566 1206 714 1259 non?
775 1225 910 1276 quae
943 1211 1070 1260 sunt
1096 1207 1335 1277 divitiae,
1369 1226 1501 1277 quas
1525 1226 1637 1261 non
1660 1211 1868 1280 egestas

83 1296 126 1328 1⁵
156 1282 211 1333 et
240 1279 408 1333 fames
441 1284 495 1333 et
526 1281 839 1333 mendicitas
871 1300 903 1334 a
925 1285 1079 1353 tergo
1105 1282 1395 1351 sequatur?
1457 1301 1593 1352 quae
1618 1283 1868 1355 dignitas,

156 1355 309 1408 cuius
370 1373 482 1408 non
541 1358 873 1424 praetextam
934 1359 988 1409 et
1049 1357 1305 1427 augurale
1365 1359 1420 1410 et
1470 1357 1589 1410 lora
1640 1358 1869 1428 patricia

157 1429 340 1483 sordes
378 1429 707 1483 comitentur
744 1433 798 1483 et
836 1431 1179 1499 exprobratio
1217 1434 1379 1485 notae
1418 1434 1472 1485 et
1510 1433 1659 1486 mille
1690 1450 1867 1487 macu-

154 1503 240 1556 lae
292 1506 348 1557 et
400 1506 639 1557 extrema
689 1504 1060 1574 contemptio?
1147 1505 1292 1574 quod
1341 1523 1569 1577 regnum
1620 1510 1723 1576 est,
1779 1509 1866 1562 cui

157 1595 268 1631 non
327 1582 516 1648 parata
571 1580 643 1632 sit
694 1579 850 1632 ruina
904 1582 958 1632 et
1010 1580 1344 1649 proculcatio
1399 1583 1454 1634 et
1507 1581 1757 1635 dominus
1812 1583 1897 1636 et‘

0 1719 2 1726 Ι
78 1667 123 1700 ²0
154 1651 431 1706 carnifex?
490 1671 590 1707 nec
628 1654 838 1725 magnis
877 1654 982 1707 ista
1018 1654 1315 1708 intervallis
1347 1654 1541 1725 divisa,
1579 1656 1672 1709 sed
1700 1655 1865 1710 horae

153 1730 487 1781 momentum
526 1729 748 1782 interest
786 1729 926 1782 inter
956 1729 1153 1782 solium
1186 1732 1241 1783 et
1270 1729 1445 1783 aliena
1475 1749 1663 1803 genua.
1728 1731 1864 1785 scito

152 1819 544 1930 Ψῖἱίι“’“““·“”“[ι
592 1803 1568 1935 ⁰⁹?d³⁶‡⁰3²‘1³11¹²t0*³r13³3b{2¹33530th
1607 1806 1864 1936 ῗὲἒῗὲῗὲἶ

152 1895 230 2005 eud:
267 1894 791 2023 ndlntilqffidudrilvitffr
805 1897 1125 2024 8Ροῐ11Ῑ1131Ἓ1Ῥ
1155 1897 1282 2008 qcui
1320 1973 1442 2009 cum
1483 1924 1669 2025 Gaius,
1707 1899 1862 2011 vgtus

76 2041 120 2075 η
151 2030 438 2099 cognatus,
485 2027 683 2099 hospes
733 2046 926 2099 novos,
982 2030 1279 2100 aperuisset
1329 2028 1568 2085 Caesaris
1625 2031 1861 2101 domum,

151 2104 214 2155 ut
250 2119 402 2156 suam
435 2102 695 2173 cluderet,
735 2103 907 2158 defuit
936 2105 1113 2174 panis,
1153 2123 1306 2176 aqua.
1369 2123 1492 2159 cum
1523 2109 1607 2160 tot
1638 2106 1862 2160 flumina

150 2176 450 2246 possideret
487 2178 544 2231 in
582 2196 681 2232 suo
722 2179 973 2249 orientia,
1010 2180 1067 2233 in
1099 2198 1196 2233 suo
1229 2180 1498 2251 cadentia,
1535 2181 1861 2236 mendicavit

151 2251 429 2322 stilicidia3
478 2252 620 2307 fame
659 2271 722 2307 ac
768 2254 859 2307 siti
898 2255 1060 2325 periit
1098 2255 1156 2308 in
1194 2256 1396 2325 palatio
1437 2255 1679 2328 cognati,
1730 2256 1858 2310 dum

151 2324 231 2378 illi
280 2326 434 2381 heres
489 2327 766 2398 publicum
822 2328 985 2383 funus
1033 2330 1289 2384 esurienti
1325 2330 1483 2385 locat.
1561 2331 1857 2385 honoribus

301 2443 327 2488 7
359 2444 541 2489 Publili
570 2445 681 2503 Syri
710 2451 822 2491 sent.
848 2450 938 2491 119
969 2446 1104 2492 Ribb.
1131 2445 1215 2501 cfr.
1240 2446 1353 2492 dial.
1380 2447 1451 2492 VI
1477 2451 1520 2503 9,
1543 2451 1571 2492 5

297 2516 328 2561 2
358 2531 470 2563 voce
498 2518 655 2575 Gertz,
688 2521 801 2578 voly.
835 2534 884 2564 re
917 2534 974 2566 ex
1004 2531 1033 2565 ς
1063 2520 1171 2566 add.
1205 2520 1330 2580 [me⁰?
1383 2521 1434 2566 in
1464 2521 1701 2567 medicina
1731 2520 1857 2568 bona

149 2575 376 2623 Sclnaltesw
416 2578 433 2637 ΙΙ
473 2577 504 2623 8
545 2578 777 2624 Publilius
815 2581 983 2637 Haupt
1024 2578 1216 2637 publius
1251 2581 1297 2626 A
1389 2580 1419 2626 5
1458 2583 1652 2627 coturno
1684 2582 1731 2628 A
1770 2583 1854 2639 cfr.

143 2650 251 2695 pay.
289 2639 364 2692 43,
386 2641 444 2683 18
483 2638 500 2697 ΙΙ
541 2637 600 2683 le
637 2641 933 2697 praetextam
967 2639 1005 2683 sc
1037 2638 1264 2698 augurale
1389 2641 1511 2698 quod
1550 2643 1723 2697 falsum
1766 2656 1858 2689 esse

148 2696 382 2742 contendit
413 2697 633 2757 Madviq,
665 2701 746 2756 qui
776 2700 1070 2756 praetextam
1104 2712 1164 2743 au
1232 2700 1379 2746 ralem
1415 2701 1732 2759 corriyendum
1764 2716 1857 2749 esse

148 2762 296 2802 censet
333 2759 628 2814 praetextam
661 2761 710 2803 et
740 2758 953 2817 galerum
989 2759 1126 2805 Gertz
1163 2760 1169 2819 Ι
1223 2759 1280 2805 17
1321 2759 1619 2818 exprobratio
1657 2762 1857 2822 Madvig]

149 2816 414 2873 exportatio
439 2818 485 2863 A
511 2817 529 2876 ΙΙ
556 2817 618 2862 m
643 2824 748 2875 post
772 2818 922 2864 divisa
950 2819 1087 2865 Gertz
1118 2820 1228 2865 sunt
1250 2821 1374 2875 add„
1397 2821 1475 2866 sed
1498 2822 1581 2875 cfr.
1601 2835 1650 2879 p.
1671 2825 1772 2877 169,
1788 2825 1817 2868 3
1839 2822 1856 2883 ΙΙ

147 2873 209 2920 24
244 2874 489 2936 Pompeio]
533 2877 615 2933 cfr.
653 2877 841 2924 Gemzoe
872 2878 1019 2924 Nord.
1058 2879 1234 2926 Tidskr.
1270 2880 1305 2936 f.
1340 2881 1460 2926 Phil.
1497 2884 1615 2927 1876
1645 2895 1695 2939 p.
1723 2885 1811 2927 186
1838 2888 1856 2934 11

148 2932 209 2980 98
240 2936 432 2994 cognati
456 2946 485 2981 ς’
515 2938 719 2995 cognata
744 2939 788 2983 A

1900 1746 1953 1786 10

1893 2345 1943 2385 11
