2028 3106
243 87 350 140 338
570 85 620 128 L.
645 84 883 128 ANNAEI
914 83 1187 129 SENECAE
1218 86 1376 131 DIAL.
1402 86 1513 131 LIB.
1538 85 1614 131 XI.

184 220 209 259 6
243 223 333 259 606
379 203 492 257 veri
544 203 705 257 etiam
756 205 955 258 invitos
1007 205 1370 274 compulisset.
1448 207 1576 260 satis
1617 206 1944 276 praestiterit

241 279 381 332 ratio
390 320 404 347 ,
439 278 484 332 si
522 277 577 330 id
615 297 783 331 unum
820 298 886 333 ex
916 279 1123 348 dolore,
1164 281 1307 348 quod
1339 284 1392 334 et
1424 284 1667 351 superest
1697 284 1751 334 et
1781 282 1944 335 abun-

244 353 358 420 dat,
412 351 691 406 exciderit:
745 356 807 406 ut
861 353 1075 422 quidem
1129 354 1339 407 nullum
1391 355 1610 409 omnino
1661 372 1774 408 esse
1821 374 1943 409 eum

242 428 505 496 patiatur,
553 445 652 481 nec
691 427 1013 497 sperandum
1052 426 1153 480 ulli
1189 446 1289 481 nec
1327 429 1811 500 concupiscendum
1851 433 1943 483 est.

242 501 388 554 hunc
438 501 620 570 potius
669 502 890 555 modum
938 504 1136 570 servet,
1189 502 1283 570 qui
1320 521 1419 557 nec
1456 503 1787 574 impietatem
1827 503 1945 557 imi·
1999 521 2019 554 5

242 578 387 628 tetur
423 593 523 630 nec
560 576 824 630 insaniam
865 579 919 630 et
955 594 1055 630 nos
1093 576 1152 629 in
1191 594 1253 629 eo
1292 579 1472 631 teneat
1509 578 1720 649 habitu,
1761 578 1853 649 qui
1892 581 1947 632 et

242 650 363 720 piae
394 650 590 705 mentis
623 653 704 704 est
733 669 832 704 nec
864 654 1064 704 motae:
1103 651 1276 704 fluant
1304 651 1578 721 lacrimae,
1608 654 1701 707 sed
1731 653 1945 707 eaedem

243 728 297 778 et
346 725 614 793 desinant,
667 727 951 779 trahantur
1001 744 1067 779 ex
1116 726 1226 779 imo
1278 725 1511 797 gemitus
1561 731 1800 799 pectore,
1854 728 1946 782 sed

242 798 384 853 idem
425 803 479 853 et
517 766 797 868 finiantur3
843 799 920 853 sic
958 819 1083 871 rege
1123 801 1363 854 animum
1402 803 1578 869 tuum,
1618 805 1680 855 ut
1718 806 1771 857 et
1810 803 1946 873 sapi-

243 874 456 927 entibus
510 877 565 927 te
619 874 914 944 adprobare
967 874 1142 944 possis
1197 878 1251 927 et
1303 874 1573 928 fratribus.
1651 876 1825 948 effice,
1887 881 1948 931 111
1979 895 2022 927 10

242 947 549 1017 frequenter
597 948 778 1002 fratris
827 949 909 1001 tui
961 949 1275 1002 memoriam
1325 949 1427 1003 tibi
1477 948 1609 1002 velis
1657 967 1949 1021 occurrere,

243 1025 304 1074 ut
349 1023 504 1075 illum
553 1025 607 1075 et
654 1023 989 1076 sermonibus
1038 1024 1272 1077 celebres
1311 1027 1366 1077 et
1404 1023 1628 1077 adsidua
1663 1026 1948 1079 recordati-

246 1113 348 1148 one
378 1099 745 1164 repraesentes
776 1097 900 1166 t1b1,
934 1098 1079 1166 quod
1111 1099 1187 1150 ita
1211 1098 1426 1152 demum
1452 1097 1710 1166 consequi
1731 1100 1947 1168 poteris,

244 1170 291 1222 si
328 1170 431 1222 tibi
469 1170 783 1223 memoriam
824 1171 937 1224 eius
976 1171 1264 1225 iucundam
1303 1173 1476 1243 magis
1517 1190 1678 1241 quam
1718 1172 1948 1226 flebilem

242 1243 456 1312 feceris3
509 1245 755 1296 naturale
809 1248 891 1297 est
937 1246 1103 1314 enim,
1155 1250 1219 1299 ut
1265 1264 1477 1315 semper
1522 1246 1731 1298 animus
1775 1246 1842 1299 ab
1884 1266 1947 1300 eo
1981 1266 2023 1299 15

242 1317 500 1388 refugiat,
539 1318 606 1370 ad
646 1318 791 1387 quod
830 1337 951 1372 cum
991 1320 1213 1374 tristitia
1249 1321 1549 1373 revertitur.
1626 1319 1806 1391 cogita
1836 1339 1948 1374 mo-

245 1393 470 1445 destiam
521 1392 661 1461 eius,
712 1393 892 1463 cogita
941 1394 998 1446 in
1046 1394 1208 1448 rebus
1259 1394 1479 1465 agendis
1526 1395 1842 1464 sollertiam,
1891 1396 1949 1449 in

244 1466 567 1536 exequendis
652 1466 997 1536 industri-am,
1080 1469 1137 1520 in
1220 1468 1499 1537 promissis
1575 1471 1946 1523 constantiam.

244 1541 424 1594 omnia
474 1541 617 1595 dicta
666 1542 779 1595 eius
830 1560 893 1595 ac
938 1542 1081 1595 facta
1126 1545 1180 1596 61
1226 1543 1344 1595 aliis
1392 1561 1598 1612 expone
1644 1547 1698 1597 et
1735 1545 1949 1598 tibimet

244 1616 359 1685 ipse
406 1634 762 1670 conmemora.
826 1616 999 1685 qualis
1031 1616 1195 1670 fuerit
1225 1618 1405 1688 cogita
1438 1619 1716 1688 qualisque
1747 1619 1948 1689 sperari
1979 1638 2024 1670 20

243 1691 502 1759 potuerit·
550 1691 679 1760 quid
726 1692 869 1744 enim
919 1685 983 1745 de
1030 1691 1124 1745 illo
1171 1710 1282 1745 non
1328 1695 1447 1745 tuto
1496 1693 1747 1762 sponderi
1784 1693 1949 1747 fratre

244 1765 463 1832 posset?

394 1837 567 1906 Haec,
604 1842 896 1921 utcumque
927 1841 1107 1910 potui,
1143 1842 1355 1912 longo
1341 1861 1449 1895 iam
1481 1842 1589 1895 situ
1621 1842 1862 1895 obsoleto
1896 1845 1950 1894 et

244 1912 495 1966 hebetato
537 1911 715 1965 animo
755 1916 1050 1984 composui.
1128 1933 1264 1984 quae
1304 1916 1350 1969 si
1388 1919 1483 1969 aut
1510 1934 1702 1984 parum
1732 1932 1949 1983 respon-

247 1987 369 2040 dere
408 1986 625 2057 ingenio
665 1990 761 2039 tuo
800 1992 894 2041 6111
932 2008 1121 2074 parum
1162 1989 1363 2042 mederi
1401 1989 1574 2042 dolori
1613 1988 1951 2057 videbuntur,
1980 2006 2023 2039 25

247 2061 450 2132 cogita,
489 2078 649 2128 quam
688 2078 799 2113 non
836 2064 1011 2130 possit
1048 2065 1093 2116 is
1125 2064 1329 2116 alienae
1360 2080 1547 2116 vacare
1579 2063 1951 2132 consolationi,

397 2236 423 2280 1
465 2249 542 2280 eos
581 2236 770 2294 uera(?)
811 2236 956 2282 etiam
995 2236 1170 2281 inuitos
1203 2236 1505 2293 compulisset
1531 2235 1603 2282 A’
1631 2242 1685 2281 ut
1714 2237 1806 2282 vid.
1834 2238 1878 2281 V
1908 2243 1950 2283 et

246 2298 376 2354 voly„
418 2297 514 2339 nisi
554 2297 675 2352 quod
714 2297 812 2341 veri
854 2297 1007 2351 habet,
1050 2297 1170 2352 quod
1196 2298 1357 2353 etiam,
1384 2297 1436 2341 in
1465 2296 1536 2342 A'
1571 2297 1716 2352 fuisse
1745 2297 1836 2341 vid.
1871 2310 1948 2341 eos

246 2369 410 2400 ueram
443 2355 588 2400 etiam
621 2370 698 2410 eos
729 2356 904 2400 inuitos
938 2355 1241 2412 compulisset
1263 2357 1310 2400 Β
1340 2369 1502 2400 ueram
1535 2356 1679 2400 etiam
1716 2368 1793 2399 eos
1826 2369 1948 2400 com-

246 2415 446 2471 pulisset
476 2415 651 2458 inuitos
677 2416 733 2459 H
740 2416 783 2460 G
813 2421 855 2460 et
885 2416 976 2460 duo
1012 2415 1200 2460 Gruteri
1229 2429 1392 2460 ueram
1424 2416 1567 2460 etiam
1593 2428 1671 2458 eos
1697 2415 1949 2471 compellat

249 2475 475 2544 (complat
498 2474 565 2530 D)
590 2474 764 2518 inuitos
789 2471 892 2519 DE
919 2475 935 2534 ΙΙ
965 2475 994 2519 2
1018 2476 1140 2520 ratio
1166 2475 1305 2533 (ΑΨ)
1323 2474 1495 2519 DEB²
1518 2475 1668 2519 oratio
1693 2475 1740 2518 Β
1749 2474 1949 2535 1ότἯῘῘΙΙ

248 2534 276 2578 5
318 2535 614 2591 impietatem
655 2534 692 2578 Ο
732 2533 960 2590 pietatem
991 2537 1037 2580 A
1082 2536 1162 2592 qui
1202 2549 1364 2580 rursus
1405 2535 1570 2590 incipit
1606 2549 1637 2578 a
1673 2535 1821 2579 verbis
1861 2549 1947 2580 1166

247 2594 476 2649 pietatem
508 2593 720 2638 imitetur
757 2593 773 2652 [1
814 2594 837 2638 7
870 2596 1026 2639 1110166
1051 2596 1155 2639 DE
1163 2594 1262 2640 GV
1291 2596 1472 2647 11110166
1489 2594 1535 2637 Β
1572 2594 1702 2637 1110111
1727 2595 1785 2639 H
1816 2609 1872 2640 ex
1901 2597 1948 2640 A

248 2655 479 2710 scriptura
508 2658 689 2707 tantum
719 2653 805 2697 litt
828 2655 877 2712 16
908 2660 1135 2710 apparent
1165 2640 1349 2698 emotae
1372 2654 1632 2698 Pincianus
1653 2652 1669 2712 Η
1698 2652 1727 2698 8
1759 2654 1796 2698 85
1828 2655 1947 2699 desi-

250 2715 366 2758 nant
397 2715 443 2758 A
483 2704 703 2758 desinant
733 2713 837 2757 ΒΗ
844 2713 941 2757 GV
976 2714 1119 2758 etiam
1160 2713 1380 2757 desinant
1411 2713 1517 2758 -DE
1559 2712 1564 2770 Ι
1607 2713 1809 2770 gemitus
1840 2728 1948 2771 pec-

249 2774 350 2816 tore
389 2774 491 2818 AV
527 2774 717 2830 pectore
764 2772 966 2832 gemitus
1018 2774 1055 2818 O
1098 2773 1115 2833 ΙΙ
1161 2772 1216 2817 11
1262 2786 1500 2817 occurrere
1543 2773 1581 2818 Ο
1626 2786 1814 2818 occurre
1849 2775 1896 2819 A
1933 2775 1949 2832 ΙΙ

250 2831 309 2875 22
341 2834 499 2888 posset
529 2835 576 2878 A
605 2838 660 2877 ut
688 2832 778 2876 vid
805 2833 856 2877 Ε
896 2833 1041 2878 ‘vetus
1079 2834 1209 2878 lectio
1240 2833 1484 2877 Pinciani'
1522 2833 1670 2890 possit
1698 2833 1902 2879 BDHG
1933 2841 1949 2884 Η

250 2890 311 2935 26
339 2904 510 2936 uacare
547 2893 585 2937 Ο
620 2904 798 2948 uagare
822 2892 869 2936 A
