2028 3106
170 109 253 154 AD
280 107 572 154 SERENVM
594 107 676 152 DE
700 103 1237 160 TRANQVILLITATE
1253 102 1436 148 ANIMI
1459 101 1587 148 CAP.
1610 106 1665 147 10
1734 103 1843 158 263

289 230 354 285 Χ.
414 229 492 284 At
528 231 587 283 in
625 226 845 297 aliquod
884 245 1054 297 genus
1092 226 1252 279 vitae'
1273 224 1492 279 difficile
1523 223 1762 278 incidisti
1791 226 1845 277 et
1877 238 1900 278 1

138 305 239 358 tibi
277 304 550 376 ignoranti
587 303 676 356 vel
711 300 929 371 publica
967 300 1184 354 fortuna
1221 300 1309 352 vel
1344 299 1555 368 privata
1591 299 1843 368 laqueum

139 379 369 450 inpegit,
417 395 578 447 quem
616 393 717 429 nec
754 376 961 429 solvere
999 373 1175 445 possis
1212 391 1313 426 nec
1349 391 1618 442 rumpere:
1665 372 1846 444 cogita

137 452 470 522 compeditos
531 451 707 521 primo
762 468 916 520 aegre
969 450 1107 502 ferre
1162 466 1325 501 onera
1378 450 1433 500 et
1484 446 1846 516 inpedimenta

86 544 106 577 5
138 545 379 595 crurum3
429 525 619 579 deinde
671 524 766 577 ubi
818 542 930 577 non
978 523 1248 594 indignari
1293 521 1388 582 illa
1435 520 1528 575 sed
1573 521 1687 591 pati
1724 538 1846 590 pro-

135 604 457 671 posuerunt,
504 599 794 654 necessitas
840 598 1054 651 fortiter
1098 598 1236 650 ferre
1284 596 1464 665 docet,
1513 595 1844 649 consuetudo

136 675 310 728 facile.
387 674 623 727 invenies
663 674 720 726 in
760 672 1003 741 quolibet
1041 689 1234 742 genere
1271 672 1413 723 vitae
1452 670 1847 723 oblectamenta

136 752 192 802 et
244 748 586 803 remissiones
628 751 691 801 et
739 747 1070 816 voluptates,
1119 746 1167 798 si
1204 744 1437 798 volueris
1476 745 1618 797 mala
1655 747 1846 814 putare

134 823 276 877 levia
306 824 489 893 potius
522 840 684 891 quam
708 821 974 875 invidiosa
995 820 1183 873 facere.
1236 818 1389 872 nullo
1414 819 1605 872 melius
1627 817 1846 872 nomine
1876 832 1902 871 2

61 916 106 949 ιο
136 898 201 951 de
231 898 391 951 nobis
422 900 617 950 natura
646 895 864 964 meruit,
897 913 1034 964 quae
1066 911 1189 948 cum
1221 893 1383 947 sciret
1414 892 1608 962 quibus
1640 911 1846 946 aerum-

134 972 218 1026 nis
234 990 589 1040 nasceremur,
606 970 974 1024 calamitatum
990 969 1387 1023 mollimentum
1404 967 1846 1021 consuetudinem

133 1046 364 1115 invenit,
424 1046 532 1100 cito
593 1046 650 1099 in
711 1045 1131 1098 familiaritatem
1193 1043 1509 1114 gravissima
1562 1042 1843 1095 adducens.

132 1139 293 1175 nemo
341 1121 581 1189 duraret,
625 1121 672 1174 si
718 1138 897 1172 rerum
943 1118 1286 1172 adversarum
1332 1116 1555 1170 eandem
1600 1116 1711 1170 vim
1757 1116 1845 1169 ad-

135 1195 359 1249 siduitas
391 1196 612 1248 haberet
643 1212 805 1263 quam
830 1193 1038 1263 primus
1062 1193 1215 1246 ictus.
1271 1209 1455 1245 omnes
1481 1209 1603 1245 cum
1626 1191 1846 1244 fortuna
1877 1206 1903 1246 3

61 1288 103 1322 15
134 1269 374 1340 copulati
413 1286 624 1323 sumus:
662 1268 893 1321 aliorum
926 1285 1088 1320 aurea
1118 1269 1306 1320 catena
1336 1269 1418 1319 est
1449 1269 1503 1319 et
1533 1266 1678 1334 laxa,
1716 1264 1846 1319 alio-
1902 1276 1929 1323 ⁵2·-

132 1363 254 1398 rum
293 1347 411 1397 arta
449 1347 503 1397 et
541 1342 780 1410 sordida,
817 1342 911 1396 sed
950 1341 1081 1411 quid
1118 1340 1318 1395 refert?
1379 1339 1564 1393 eadem
1602 1339 1846 1394 custodia

134 1419 412 1472 universos
462 1417 815 1472 circumdedit
864 1416 1179 1487 alligatique
1230 1417 1357 1469 sunt
1395 1415 1558 1468 etiam
1598 1414 1691 1483 qui
1730 1414 1845 1467 alli-

133 1496 416 1565 gaverunt,
470 1492 577 1546 nisi
625 1491 766 1545 forte
811 1494 873 1544 tu
921 1490 1179 1544 leviorem
1227 1489 1285 1543 in
1311 1489 1552 1551 ‚sinistra
1600 1491 1845 1542 catenam

132 1570 308 1639 putas.
384 1568 552 1621 alium
590 1566 847 1635 honores,
893 1564 1058 1618 alium
1108 1581 1237 1634 opes
1276 1563 1543 1631 vinciunt3
1584 1562 1845 1632 quosdam

59 1660 104 1694 10
131 1642 412 1711 nobilitas,
451 1640 714 1711 quosdam
751 1639 1029 1694 humilitas
1060 1638 1280 1709 premit3
1319 1638 1639 1707 quibusdam
1670 1637 1845 1692 aliena

133 1735 299 1787 supra
347 1719 512 1787 caput
559 1715 787 1786 imperia
837 1718 985 1782 sunt,
1042 1712 1363 1783 quibusdam
1414 1732 1532 1783 sua3
1584 1713 1844 1782 quosdam

134 1791 297 1846 exilia
348 1809 458 1845 uno
515 1791 638 1845 loco
698 1793 908 1859 tenent,
969 1789 1230 1859 quosdam
1288 1788 1607 1842 sacerdotia:
1669 1788 1844 1842 omnis

132 1867 247 1921 vita
285 1867 564 1920 servitium
605 1868 700 1920 est.
761 1864 1184 1919 adsuescendum
1215 1866 1296 1917 est
1325 1863 1508 1934 itaque
1539 1862 1845 1918 condicioni

133 1959 261 1996 suae
299 1944 355 1995 81
391 1959 553 2011 quam
591 1940 877 1994 minimum
916 1940 982 1994 de
1013 1940 1109 1993 1118
1140 1938 1470 2008 (111818111111111
1501 1941 1556 1992 81
1587 1937 1845 2008 quicquid

58 2033 103 2069 11
131 2015 296 2071 1181181
356 2017 500 2071 circa
560 2034 616 2070 88
679 2014 948 2070 commodi
1010 2013 1470 2084 adprendendum:
1531 2013 1671 2067 nihil
1731 2016 1843 2067 tam

132 2091 383 2146 acerbum
428 2094 532 2161 est,
581 2091 639 2144 in
678 2108 786 2161 quo
824 2109 936 2143 non
975 2107 1176 2159 aequus
1215 2089 1426 2143 animus
1466 2088 1725 2143 solacium
1764 2088 1843 2142 in-

132 2167 313 2220 veniat
387 2166 612 2237 exiguae
644 2184 802 2236 saepe
834 2183 986 2218 areae
1022 2164 1079 2217 in
1109 2165 1309 2218 multos
1340 2182 1469 2217 usus
1502 2163 1840 2217 discribentis

133 2245 245 2295 arte
291 2244 584 2312 patuerunt
622 2244 677 2294 et
715 2241 959 2310 quamvis
999 2242 1288 2311 angustum
1327 2239 1517 2309 pedem
1557 2238 1839 2308 dispositio

283 2358 308 2403 1
342 2360 395 2403 at
424 2358 474 2403 in
507 2357 700 2415 aliquod
739 2357 852 2415 τοῖς.
904 2356 968 2401 At
1000 2356 1062 2400 ad
1095 2355 1290 2413 aliquod
1321 2356 1367 2401 A
1411 2355 1428 2415 ΙΙ
1467 2355 1498 2400 8
1535 2355 1686 2412 possis
1724 2356 1838 2425 volq.

133 2430 293 2476 posses
324 2419 370 2464 A
413 2418 419 2476 Ι
454 2431 671 2475 rumpere
697 2416 835 2463 Gertz
866 2430 968 2461 cum
992 2427 1020 2461 ς
1052 2429 1295 2473 erumpere
1320 2417 1366 2461 A
1403 2415 1420 2475 Η
1457 2415 1487 2461 8
1517 2417 1686 2473 putare
1717 2414 1841 2460 levia

135 2477 336 2536 Madvig
366 2480 532 2535 putate
563 2477 645 2522 uia
668 2478 714 2523 A
747 2475 969 2534 patibilia
1000 2476 1227 2522 Schultess
1274 2476 1280 2534 Ι
1318 2474 1376 2520 10
1407 2489 1528 2532 quae
1562 2489 1668 2519 cum
1700 2475 1841 2520 sciret

135 2536 362 2583 Schultess
399 2551 542 2594 quam
578 2551 682 2582 cum
717 2536 859 2581 sciret
889 2537 934 2581 A
975 2549 1117 2593 quam
1150 2549 1242 2592 quo
1287 2571 1298 2590 ,
1331 2549 1438 2580 cum
1470 2535 1612 2580 sciret
1636 2534 1840 2641 Muretfl

135 2595 194 2642 12
224 2596 538 2642 adducentem
576 2612 678 2643 cum
716 2611 831 2642 corr.
864 2597 1007 2641 unius
1037 2606 1066 2640 ς
1110 2595 1374 2654 Wesenbery
1410 2595 1427 2654 ΙΙ
1470 2594 1528 2640 15
1568 2596 1737 2639 0818118
1768 2608 1816 2640 es

135 2658 185 2701 et
214 2655 323 2701 laxa
355 2657 496 2703 Ciu-io
529 2659 698 2702 catena
730 2658 812 2701 est.
863 2654 1062 2700 aliorum
1094 2654 1204 2699 laxa
1228 2656 1273 2701 Α
1306 2656 1396 2699 cat.
1423 2656 1496 2700 est
1520 2668 1575 2700 ac
1599 2654 1627 2699 1.
1658 2654 1794 2700 Gertz
1821 2654 1839 2716 ΙΙ

133 2714 195 2761 25
226 2716 515 2773 adprendum
550 2716 619 2763 A¹
650 2731 764 2762 corr.
789 2716 894 2771 fort.
920 2730 978 2760 m.
1002 2719 1034 2760 2
1070 2716 1087 2774 ΙΙ
1127 2714 1187 2759 26
1219 2714 1267 2759 111
1299 2728 1392 2772 quo
1422 2715 1535 2773 voly.
1569 2714 1715 2771 inqua
1745 2714 1792 2760 A
1820 2721 1839 2768 11

134 2774 193 2821 27
226 2774 524 2821 discribentis
554 2777 719 2834 scripsi
750 2773 1058 2820 describentis
1083 2775 1127 2820 A
1177 2775 1183 2834 Ι
1222 2773 1283 2819 28
1314 2776 1566 2832 angustum
1599 2774 1765 2832 pedem
1789 2775 1837 2820 A

287 2841 439 2881 tuetur
469 2836 606 2882 Gertz
635 2837 734 2881 coll.
763 2836 955 2881 Van-cm.
987 2834 1041 2879 de
1072 2835 1099 2879 1.
1182 2869 1191 2878 .
1220 2835 1339 2880 V19
1382 2834 1584 2891 (Dicitur
1621 2834 1671 2879 in
1706 2833 1830 2879 aedi·

169 2894 255 2940 ciis
287 2908 399 2940 area
430 2895 535 2952 'pes
565 2895 787 2953 magnus’
819 2897 868 2940 et
899 2894 980 2951 qui
1012 2893 1370 2939 fundamentum
1407 2893 1615 2939 instituit
1644 2893 1835 2951 ‘pedem

136 2954 324 3012 ponit'.)
357 2958 607 3013 angustam
639 2955 796 3000 sedem
830 2954 1113 3001 Cornelissen

1935 1189 1948 1200 Q

1986 1209 2027 1267 f<

1912 1263 1929 1278 r
1951 1266 1993 1289 .·‹.·‘⁴
2016 1251 2023 1278 ζ

1955 1289 1974 1302 »e
2000 1290 2002 1294 ’
2025 1291 2027 1293 ·

1929 2837 1971 3006 l
